2788 4986
291 241 344 306 DE
365 239 457 306 ulti.
480 239 638 304 uncum.
660 237 810 306 closis
843 238 875 305 C.
892 241 927 306 ll.
952 250 981 318 s.
996 243 1024 309 2.
1168 247 1214 312 23

86 427 171 492 puae
194 415 309 474 carent
331 406 458 470 nomina
477 420 555 469 usus
576 403 706 469 arbitrio
729 419 818 470 suum
840 405 986 488 qnodque
1001 423 1100 490 genas
1117 427 1212 475 acce-

86 515 224 592 peruut,
253 505 339 588 qnod
360 523 400 570 er
420 503 603 586 pronomine
624 503 783 568 articulari
803 505 1020 590 cognoscitur,
1041 507 1212 574 masculina

85 602 195 686 ἅθῑόςι
218 601 334 684 him-it
354 598 429 687 γύψι
452 600 567 684 δελφίς,
587 595 666 680 θός,
685 597 779 682 ἱέραξι
799 598 932 688 μύρμηξι
953 600 1057 685 ‘imit
1078 601 1205 687 “duvii

84 708 223 772 alterins
244 705 371 786 generis
398 695 501 784 ἀκρίς,
536 693 677 780 ἁλιαιιόν,
704 694 845 786 eiciunt,
874 699 1012 788 φάλαγξ,
1038 699 1128 788 χέλυς
1147 711 1206 771 otc.

82 807 172 870 llaec
195 811 305 868 autem
325 808 434 868 notum
453 809 502 866 est
518 802 669 882 epicoena
690 801 758 866 sire
778 804 956 884 promiscua
976 803 1116 888 rocan,⁹
1136 806 1208 886 qula

82 903 257 968 muliebria
285 918 382 982 saepo
409 900 762 981 maresassigailicant:
802 895 1062 986 cispetatico
1086 901 1207 968 aldoiov

81 1002 208 1084 (virile)
233 1000 326 1066 seon.
345 1000 427 1064 lilor.
449 1001 506 1063 Tit
528 999 560 1064 C.
582 1017 611 1064 n
632 999 682 1065 22.
703 993 741 1064 τὸ
766 1000 822 1082 τῆς
839 1002 937 1086 putris
955 1003 1058 1084 Antip.
1087 1018 1114 1067 c.
1135 1001 1204 1069 116.

81 1107 114 1165 et
142 1101 255 1164 virilia
283 1100 414 1164 feminas
440 1091 589 1182 ὁὲλέφας
608 1101 761 1183 βαίνεται,
787 1093 806 1164 ὁ
830 1095 910 1166 λέων
928 1102 1036 1181 τίκτει,
1066 1099 1097 1165 oi
1116 1097 1205 1166 λύκοι

79 1202 237 1278 ιίιιτουσι,
260 1195 292 1261 οί
308 1199 391 1272 θῶες
402 1196 582 1262 micantem
603 1205 635 1263 et
655 1199 767 1264 similia
785 1199 881 1264 multa
894 1199 977 1283 apud
992 1201 1202 1266 Aristotelem.

79 1297 356 1378 Quemadmodum
374 1313 450 1360 vcro
472 1298 685 1379 monogenicis
708 1297 851 1377 subjecta
870 1306 943 1363 sunt
965 1306 1109 1382 tauquam
1125 1317 1202 1381 spe-

78 1402 149 1464 cies
169 1399 366 1482 promiscua,
388 1396 435 1459 sio
449 1396 605 1476 bigeneris
622 1398 795 1462 communia
811 1391 1114 1479 ἄνθραιιος,.ίααος,
1136 1395 1202 1462 lia-

78 1521 160 1581 φας,
195 1514 280 1579 quae
308 1493 411 1560 Sclrol.
441 1496 569 1561 Tlreocr.
591 1496 612 1560 l
633 1495 662 1562 6.
685 1503 716 1562 et
738 1497 907 1576 Dionysius
926 1500 960 1563 in
979 1496 1110 1562 Gramm.
1130 1496 1200 1562 634.

78 1599 143 1664 loc
172 1596 304 1662 nomine
331 1595 506 1677 proferunt,
532 1595 625 1677 idque
651 1597 769 1661 rectius
789 1595 851 1662 illis
874 1599 927 1678 qui
953 1613 1054 1672 rerum
1073 1613 1200 1680 ⁴opertique

1 1685 2 1690 ἵ
77 1695 244 1762 vocabula
271 1694 319 1759 sic
347 1694 504 1773 appeliant
531 1688 623 1760 inat
649 1687 670 1778 ἡ
696 1695 786 1770 λίθος
811 1690 926 1760 καὶτὰ
954 1691 1047 1777 ὅμοια
1075 1695 1197 1762 souin

78 1795 174 1860 Dion
206 1793 339 1858 Gramm.
367 1809 396 1872 p.
416 1791 486 1858 846.
512 1792 561 1856 lris
590 1794 669 1857 enim
697 1811 809 1859 nomen
835 1793 875 1859 rit
902 1795 1006 1879 διγενῆ
1034 1811 1196 1876 reservare

77 1899 246 1976 praestat3
280 1891 458 1955 Priscianus
481 1892 513 1956 V.
531 1892 557 1958 1.
584 1891 662 1956 hacc
690 1899 721 1956 ct
743 1893 831 1978 talia,
859 1913 938 1976 qnae
960 1895 1044 1958 nulla
1065 1899 1197 1974 cogente

77 1993 208 2056 ratione
229 1995 368 2054 veterum
386 1991 557 2054 auctoritas
571 1989 695 2055 diverso
708 2007 823 2073 genere
836 1993 974 2076 protulit,
997 1994 1095 2060 dudio
1115 2009 1198 2057 uun-

78 2241 188 2298 cundae
207 2240 394 2296 declinationis
411 2239 437 2293 in
455 2245 501 2299 «ῖς,
520 2255 589 2310 quae
606 2241 725 2297 homines
743 2241 898 2310 significant,
916 2244 961 2295 aut
978 2241 1120 2296 masculina
1138 2249 1197 2297 sunt

78 2331 123 2380 aut
148 2329 227 2380 certe
253 2327 401 2378 communia
426 2321 440 2376 ὁ
459 2329 486 2380 et
504 2322 517 2388 ἡ
538 2326 638 2394 ἔριθος,
663 2322 677 2378 d
698 2331 725 2382 et
743 2323 757 2390 ἦ
776 2321 926 2392 φαρμακός
942 2329 993 2380 etc.
1032 2324 1194 2380 Femininum

78 2408 237 2479 appellativi
255 2408 361 2474 generis
378 2421 457 2460 nnum
478 2413 519 2462 est
535 2407 613 2476 νοός,
639 2411 743 2478 propria
766 2423 818 2463 oon
842 2407 933 2474 multa;
963 2422 1022 2462 nam
1040 2408 1195 2477 plerumque

77 2497 196 2547 mutatur
214 2491 362 2545 terminatio
379 2489 512 2559 Καααιλφη
529 2491 623 2548 Athen.
642 2491 711 2548 lllll.
726 2494 785 2549 587.
798 2491 827 2546 ll.
848 2489 950 2558 (omiss.
967 2493 994 2545 io
1008 2490 1069 2559 Th.)
1085 2491 1193 2560 Ἐρίφη,

78 2579 204 2627 Κυνίσκα
225 2578 276 2630 etc.
296 2572 344 2628 sed
362 2587 412 2626 non
425 2579 521 2629 mutata
533 2576 673 2645 Ἀμπελος,
693 2575 825 2634 nitores,
845 2577 970 2644 Αλγιιρος
987 2573 1192 2642 Hamadryadum

78 2661 186 2713 nomina
205 2655 266 2710 ltu.
285 2657 332 2709 lll.
350 2657 393 2713 78.
411 2657 441 2710 B.
455 2655 549 2716 Ῥόδος
565 2659 678 2728 npmplra
691 2658 775 2713 Rhodi
788 2673 916 2727 epooyma
928 2657 1005 2712 Diod.
1020 2658 1050 2713 V.
1066 2659 1108 2714 55.
1123 2672 1193 2728 qnae

77 2743 169 2797 Schol.
191 2739 243 2794 0d.
264 2738 342 2792 XVll.
361 2739 419 2796 208.
447 2738 525 2805 Ῥόδη
545 2742 647 2796 dicitur.
683 2746 765 2800 Νίνος
788 2743 911 2796 meretrix
935 2740 1045 2796 fortasse
1070 2741 1102 2795 alr
1126 2741 1192 2797 urbe

77 2831 174 2880 vocata
200 2829 230 2877 ut
255 2824 408 2878 meretrices
432 2825 519 2879 solent
542 2825 678 2894 (Κυρήνη,
703 2823 829 2888 Σινώπη,
857 2822 992 2892 Σκιώνη),
1013 2825 1147 2881 Ἀσαααις
1165 2826 1192 2878 in

77 2923 184 2976 gemma
209 2921 235 2960 v.
261 2905 364 2974 lienag.
385 2907 450 2962 llist.
468 2907 531 2962 llul.
550 2909 575 2972 ς.
590 2910 630 2966 ¹0.
670 2911 798 2977 Ἤπειρος
814 2906 934 2963 Parthen.
951 2906 1050 2960 llllllll.
1072 2906 1117 2960 alti
1133 2906 1190 2962 Le-

77 2990 161 3058 grand
174 2988 296 3058 Ἢιιειροί
308 2991 387 3044 scribi
399 2993 478 3058 Jussit
490 2991 532 3058 (ut
542 2991 664 3062 Ἀιαρπώ
678 3007 725 3061 pro
733 2993 864 3061 Ἀτροπος
875 2991 964 3044 Schol.
977 2989 1027 3042 cd.
1043 2988 1098 3042 Vll.
1118 2989 1188 3054 197.)

79 3073 230 3144 neptalim
261 3072 320 3127 cod.
346 3075 434 3129 Sanor.
465 3074 574 3142 praebet
598 3077 695 3132 llerod.
722 3077 765 3130 Vl.
792 3075 833 3131 66.
860 3073 1059 3143 praeterendum
1083 3072 1188 3140 vulgato

78 3156 226 3226 motatio.
262 3156 323 3210 Alia
339 3157 467 3225 quaedam
485 3160 570 3212 attulit
587 3157 710 3215 Lehrsius
728 3159 806 3212 Arist.
825 3157 884 3213 274.

146 3257 177 3324 9)
202 3253 230 3305 ‘0
255 3255 324 3308 λέων
340 3259 386 3308 καὶ
409 3256 453 3309 ἐπὶ
475 3259 586 3322 θηλείας
609 3257 644 3317 ὡς
662 3260 749 3330 ἱέραξ·
769 3254 783 3321 ἡ
802 3254 832 3308 δὲ
850 3253 986 3326 πάρδαλις
1001 3254 1121 3319 θηλυκὸν
1141 3257 1188 3306 καί

79 3339 119 3393 c‘rr‘
139 3339 303 3410 ἀρσενικοῦ·
328 3341 383 3392 ἔστι
401 3341 431 3394 ‹ti
449 3341 587 3394 ἐπίκοινον
603 3342 664 3397 Sci.
683 3344 713 3396 ll.
729 3340 820 3395 livill.
842 3339 898 3396 tal.
936 3339 1087 3402 Quintiliani
1107 3339 1187 3394 verba

79 3423 99 3478 1.
116 3425 142 3493 4,
161 3425 205 3480 24.
225 3425 371 3490 mammeam
386 3427 414 3477 io
431 3425 520 3494 quibua
536 3441 614 3478 ιιιαιιι
629 3435 732 3494 κιιιᾳιιι
750 3439 797 3492 poi·
813 3425 920 3475 alterum
938 3429 1046 3488 appararet
1063 3427 1108 3472 out
1122 3437 1187 3491 quoe

77 3507 202 3572 saisina
216 3507 341 3574 positione
354 3524 446 3575 morea,
462 3511 572 3562 neutrali
584 3509 694 3575 sentines
705 3507 857 3574 ιίραίίίααιιί,
876 3505 963 3573 qualia
975 3513 1033 3556 suat
1048 3507 1185 3570 Muraena,

78 3591 242 3659 Glycerium,
266 3590 457 3661 lexicographi
474 3608 496 3648 s.
512 3595 665 3650 Ἐπίκοινος
686 3592 738 3645 loo
755 3589 832 3644 modo
851 3588 1005 3655 afferentes,
1029 3591 1185 3645 sententiam

79 3676 134 3740 ejus
154 3679 344 3741 perverterunt.
382 3677 446 3739 Quis
471 3679 542 3732 enim·
563 3678 667 3730 nomina
684 3677 802 3744 propria,
827 3688 895 3742 quae
913 3686 1017 3740 semper
1035 3677 1079 3725 aut
1100 3685 1184 3725 mares

76 3764 118 3813 aut
137 3759 251 3814 laminas
272 3757 432 3826 significant,
453 3761 590 3828 epicoenis
607 3760 760 3814 adnumeret
778 3758 871 3827 quilius
886 3763 996 3824 uterque
1014 3770 1093 3809 sexus
1110 3753 1182 3807 iodi-

77 3843 167 3897 oatnr?
204 3842 261 3895 lmo
281 3845 446 3896 enunciatnm
463 3842 528 3896 illud
545 3849 589 3894 οιιι
605 3857 670 3911 qaae
685 3873 720 3881 -
740 3843 883 3908 Glycerium
906 3855 958 3894 oon
982 3853 1015 3893 er
1036 3837 1181 3904 ριοιιιίιαια

76 3926 171 3992 pendet
196 3924 247 3981 sod
272 3924 305 3978 ud
329 3927 465 3993 superiora
487 3925 597 3982 refertur
621 3925 780 3977 Noouanton
796 3926 939 3992 diripuerant
955 3921 1049 3990 ροιαίο
1067 3921 1109 3988 qui
1131 3949 1180 3973 -.

76 4009 157 4065 ⁴tntca
174 4011 326 4064 communia
343 4010 511 4076 memoravit,
536 4008 581 4063 liic
598 4008 671 4063 addit
687 4010 796 4077 primum
814 4011 952 4078 epicoena,
979 4011 1032 4058 tum
1051 4003 1183 4057 honrinum

77 4097 187 4163 pmpria,
207 4107 278 4161 quac
297 4092 428 4149 diversum
445 4107 461 4147 a
481 4093 661 4149 terminatione
678 4106 769 4149 sexum
787 4093 910 4148 indicant.
