2768 4994
7 463 108 512 non
143 444 280 510 λοίσθια
301 443 511 527 significentur
530 445 587 509 sed
608 463 646 510 ca
667 453 746 528 quae
768 454 905 512 extremo
927 452 1170 519 concertantium

8 545 174 612 cedunt
206 551 240 608 ut
266 549 414 626 πρωτεῖα,
443 542 595 623 δευτερεῖα
616 550 675 610 etc.
709 540 869 628 Knepelaos
889 546 963 609 nihil
985 563 1100 613 censae
1120 559 1171 616 est

19 661 102 709 cun
129 661 199 726 pro
226 639 354 724 νούριος
384 644 489 724 petius
516 660 607 724 quam
629 661 686 724 pre
707 640 848 722 αούοειος
870 640 1016 728 (νόοειος)
1036 650 1170 728 pesitum

21 745 213 808 dicamus.
253 738 410 826 Λαισήιον
437 742 516 806 unde
544 745 658 806 laetum
680 745 719 808 sit
739 745 904 827 incertum,
932 761 989 825 pre
1010 741 1117 821 λάσιος
1137 757 1171 816 nt

27 843 127 910 Scir.
152 842 190 906 ll.
214 841 248 906 V.
270 842 340 907 553.
372 842 531 924 opinatur,
563 858 627 906 non
654 841 767 907 dictum
795 861 867 908 esse
888 844 1090 909 certissimum
1112 853 1170 914 est.

32 936 248 1024 Θρομβήιον
274 940 428 1005 Nicander
456 941 503 1004 sic
527 941 632 1021 posuit
659 947 692 1004 nt
721 958 788 1005 cum
813 942 968 1024 upepdlev
991 947 1171 1011 commutari

31 1040 182 1123 possit,
204 1055 264 1104 nec
286 1046 388 1104 tamen
408 1038 488 1102 idem
509 1043 574 1118 est;
600 1055 670 1101 nem
692 1039 752 1104 hoc
773 1057 846 1104 vere
868 1040 1098 1125 deminutivum,
1119 1044 1171 1113 ille

33 1139 383 1204 metaselrcmatismns
412 1144 461 1202 est
489 1143 523 1201 nt
550 1131 703 1218 δορπήιον
730 1145 761 1202 et
788 1139 849 1202 alia
875 1139 945 1202 huic
972 1145 1085 1221 poetae
1106 1143 1172 1207 lra-

38 1244 222 1321 quentata,
249 1255 328 1319 quae
348 1237 482 1302 indicaui
507 1238 540 1300 in
560 1236 669 1300 Parall.
690 1237 760 1302 324.
799 1237 1000 1302 Deminntiris
1021 1247 1121 1308 aetem
1142 1249 1172 1308 et

41 1353 141 1417 quac
169 1337 221 1400 luis
242 1337 372 1402 similem
392 1337 529 1419 speeiem
556 1336 671 1400 habent
691 1335 805 1416 ίχνιαν,
833 1336 950 1416 lupone,
972 1335 1087 1418 ciceion,
1109 1359 1171 1404 aa·

42 1436 130 1517 χίον
165 1451 321 1516 nunqnam
355 1441 406 1500 ete
440 1437 666 1516 interseruimus,
698 1450 756 1498 nec
783 1435 920 1528 menes—im
950 1437 1091 1502 eximitur
1121 1441 1170 1525 iis,

46 1551 143 1616 qnae
164 1535 198 1598 in
221 1535 373 1600 communi
394 1551 537 1599 sermone
562 1534 804 1598 terminationem
824 1555 889 1598 ειον
909 1533 1038 1618 habent,
1066 1543 1100 1600 nt
1120 1537 1171 1602 δο-

47 1627 164 1716 χὴιον,
186 1628 355 1716 νυμφήιον,
376 1629 536 1717 μαντήιον,
556 1629 722 1715 deponite,
743 1628 878 1716 λωφήια,
907 1629 1073 1716 χραίσμήια
1093 1637 1172 1702 Mat·

51 1733 132 1798 cell.
154 1751 184 1797 u.
197 1732 247 1797 42.
269 1733 358 1797 λολίι.
372 1733 393 1798 1.
410 1733 459 1797 32.
500 1733 616 1798 Herum
637 1733 807 1813 exemplum
830 1737 1001 1812 sequnntur
1018 1731 1171 1813 adjective

51 1827 187 1914 γαιήιος
214 1849 270 1914 pre
293 1831 406 1913 ναίειος
433 1848 501 1897 cum
530 1832 681 1896 femininis
702 1832 802 1912 γαιηίς
823 1836 854 1894 ct
874 1823 997 1911 related
1016 1863 1058 1876 --
1079 1837 1111 1894 ct
1131 1834 1173 1898 si·

54 1929 178 1996 militer
191 1924 315 2012 μαιὴιος
328 1927 527 2014 οοΜαιήιος,
548 1927 681 2012 depp'eog,
704 1925 820 2012 θεήιος,
841 1924 996 2010 menapios,
1018 1926 1170 2013 παιδήιος,

55 2023 208 2111 χηοήιος,
230 2029 268 2092 ed
288 2031 349 2094 troc
370 2048 407 2094 ea
428 2047 507 2111 qnae
530 2029 723 2094 Grammatici
744 2047 763 2092 a
783 2029 918 2108 genitive
939 2027 1053 2109 ionice,
1074 2036 1108 2092 ut
1129 2032 1172 2095 tc-

59 2127 182 2192 minina
201 2129 232 2190 in
251 2115 311 2211 αῖ
313 2132 465 2213 exeuntia,
486 2130 625 2194 derivata
645 2128 748 2192 dieunt
769 2129 867 2192 Crem
886 2127 907 2190 Ι.
924 2125 992 2190 124.
1015 2124 1170 2210 βασιλῆος,

57 2221 220 2309 Ἀχιλλῇος
235 2234 293 2292 etc.
321 2229 387 2293 lem
409 2229 446 2293 de
467 2223 599 2312 ταφήιος
619 2234 649 2292 et
663 2223 764 2310 οἰήιον
776 2225 956 2290 Eustathins
969 2226 1081 2288 nemini
1097 2244 1172 2308 per-

63 2325 204 2392 suaserit
224 2333 258 2389 ut
279 2329 463 2408 amplificata
484 2328 607 2411 credat,
629 2346 698 2392 nam
720 2322 822 2408 οίὴιον
843 2325 882 2388 alt
903 2323 960 2386 οίω
983 2320 1091 2407 (eleale)
1113 2326 1172 2390 de-

63 2425 198 2490 rivatum
227 2433 260 2490 nt
281 2425 364 2506 οίαξ,
386 2427 542 2509 propriam
563 2429 612 2492 sni
632 2427 755 2508 generis
776 2422 1019 2488 terminationem
1039 2439 1114 2504 prae
1136 2442 1172 2490 se

66 2525 131 2588 ient
150 2530 182 2587 nt
202 2521 367 2609 τροπήιον,
394 2521 529 2609 αυοήιον
556 2533 587 2590 et
615 2527 676 2590 alia
703 2527 973 2590 instrumentorum
1000 2523 1172 2605 uocabula;

66 2615 194 2703 τάφειος
213 2624 241 2686 si
261 2641 411 2707 nusquam
430 2626 556 2706 legitur,
580 2632 682 2690 tamen
704 2639 810 2687 ornnes
832 2620 1042 2702 proportionis
1063 2639 1173 2686 nnme-

68 2737 127 2784 ros
148 2720 248 2805 habet,
269 2739 328 2787 nec
347 2725 485 2788 illicitum
508 2724 646 2788 ducimus
667 2717 834 2804 peccatrices
856 2727 886 2785 et
907 2713 1064 2800 σιμβλήιος
1085 2721 1173 2784 slmi-

70 2820 114 2884 lia
140 2819 239 2884 dicere
265 2823 303 2886 iis
322 2840 402 2903 quae
424 2841 444 2886 a
462 2822 614 2887 similibus
634 2828 708 2885 nate
728 2828 800 2886 snnt
821 2819 964 2884 thematis
989 2813 1172 2902 Πελοπήιος,

72 2914 190 3002 οίκήιος
203 2929 258 2986 etc.
289 2922 351 2986 Sed
371 2922 453 3003 qnod
468 2921 551 2986 addit
561 2916 733 3004 ποιμνήιος,
756 2919 870 2983 nullum
885 2917 1099 2982 adminiculum
1114 2918 1173 2984 ha-

72 3020 127 3084 bet
146 3026 267 3099 praeter
286 3025 462 3103 ποιμναῑος,
485 3020 568 3101 qnod
587 3021 689 3084 ionice
710 3019 892 3084 dissolutum
913 3033 985 3080 csse
1007 3017 1174 3082 ostendunt

75 3119 137 3182 alia
155 3118 241 3198 lrujns
264 3120 391 3200 dielysis
410 3120 558 3200 exempla.
574 3113 660 3184 ‘Atel
672 3114 761 3192 πόλις
774 3117 915 3190 Κιλικίας
929 3108 980 3198 ἀφ’
998 3103 1038 3180 οὗ
1052 3110 1175 3201 Ἀλιίιον

74 3216 179 3281 πεδίον
199 3218 302 3300 Stcplu
324 3218 406 3300 qued
428 3235 523 3299 saepe
543 3220 678 3282 Alecem
707 3225 837 3282 vocatur
865 3235 894 3280 v.
922 3214 1113 3281 Wernsderl.
1135 3217 1174 3282 ad

75 3317 179 3382 Anien.
207 3317 273 3382 Per.
303 3317 391 3382 1037.
419 3314 587 3399 ὁραχμήιος
613 3335 662 3399 ap.
688 3316 873 3382 Nicandrum
907 3331 964 3394 pre
996 3312 1172 3395 δραχμαῖος,

77 3411 204 3497 ψυχήιος
223 3417 255 3480 in
277 3433 419 3480 sermone
440 3418 543 3481 ionice
560 3418 684 3481 Lucian.
705 3417 777 3479 vite.
797 3418 887 3478 Anet.
910 3420 939 3487 §.
963 3411 991 3475 e.
1013 3411 1174 3478 Zancleius

80 3513 332 3596 quadrisyllabum
354 3515 439 3581 Ouid.
461 3518 532 3581 Met.
547 3516 622 3580 XIV.
641 3517 731 3581 47.65
750 3513 926 3594 Lapitheius
944 3511 1080 3589 ejusdem
1094 3529 1176 3592 pec-

83 3809 127 3864 pre
144 3792 172 3846 ed
188 3793 304 3847 κλίνεται
321 3795 375 3848 ἀπὸ
393 3795 441 3849 τοῦ
457 3793 597 3855 λιασθείς,
616 3793 685 3864 qnod
704 3794 737 3848 ad
754 3793 883 3849 diuersam
901 3793 1004 3858 spectat
1023 3790 1175 3858 scripturam

84 3886 191 4030 MZ‘J·
204 3963 327 4018 Priscian.
349 3964 382 4017 11.
400 3965 443 4019 87.
463 3962 547 4030 (587.)
567 3948 601 4014 er-e'
619 3959 795 4027 dtpdtdenpeae
819 3957 909 4010 dedam
933 3970 996 4022 prone
1014 3970 1031 4004 e
1049 3955 1175 4019 senatreieie

86 4033 140 4101 ine
154 4048 249 4114 lenpaut
266 4048 334 4112 epeed
355 4051 466 4099 Greccee
482 4045 650 4098 eeeteeeeetlee
667 4045 812 4096 detineatur
827 4043 956 4107 comeare,
972 4039 1092 4104 upteeee,
1112 4037 1176 4092 Die·

87 4145 165 4182 eme.
196 4130 228 4182 At
251 4129 345 4186 dieitur
371 4129 503 4188 Hecateus
527 4135 554 4188 et
579 4144 638 4198 enm
666 4127 780 4185 diaeresi
798 4126 958 4192 Hecateins,
976 4121 1064 4188 dispar
1079 4136 1175 4190 gracco
