2750 4994
205 281 271 356 llo
314 315 316 324 =
563 273 887 344 nlssnnrnrio
917 275 952 340 ii.
1002 301 1005 310 ·

205 447 348 530 Morltpe
368 451 515 528 vocetur,
536 443 614 507 elias
636 435 780 524 Μιτύλης
800 459 828 505 v.
850 440 954 505 Plelm.
975 441 1115 506 Lesbiae.
1139 459 1169 524 p.
1190 442 1240 507 10.
1266 444 1315 508 la-

204 550 361 629 tinumque
381 545 505 626 mytilus
527 547 558 608 et
579 541 704 620 mitylus
725 541 792 604 sive
813 539 946 604 mutulos
961 556 1074 620 graeco
1093 535 1174 622 μύαξ
1189 558 1313 622 cogna-

205 655 268 712 tum
288 654 318 711 ct
335 645 489 712 divorsum
510 642 581 706 huic
602 639 702 720 gentis
724 638 838 720 Papiae
861 653 1030 717 cognomen
1043 639 1167 703 Mutilus
1190 657 1210 703 a
1232 642 1313 705 llio-

204 746 281 813 doro
303 746 337 810 L.
359 743 504 809 lllllilill.
521 741 638 819 Eragm.
662 756 691 819 p.
709 737 778 802 184.
803 737 835 800 Τ.
852 736 887 800 X.
906 738 972 819 Bip.
995 733 1142 813 Μότυλος
1158 742 1312 821 scriptum

203 845 333 930 propius
354 858 468 924 graeco
489 839 623 921 μίτυλος,
651 836 833 917 quibuscum
857 837 1043 901 conserenda
1065 845 1135 902 sunt
1157 840 1313 902 substan-

204 946 267 1010 tiva
294 938 383 1026 μύτις
404 947 436 1004 et
456 939 551 1022 plone.
595 934 657 1002 Sed
678 935 762 1016 qnod
782 934 986 1000 Doederlinus
1007 937 1039 999 in
1061 938 1176 1017 Synon.
1203 939 1236 1001 T.
1259 939 1309 1001 vi.

204 1043 275 1111 toa.
305 1059 331 1108 s.
359 1040 434 1122 ltptt
462 1037 553 1106 edicit
579 1035 723 1116 opsilon
750 1050 904 1115 nunquam
932 1035 1078 1116 deinceps
1105 1038 1250 1099 iteratum
1279 1043 1312 1099 et

201 1143 272 1210 idoo
296 1159 345 1224 ap.
370 1138 556 1218 llesyehinm
582 1151 640 1216 pro
656 1127 793 1216 ‘Ypdlov
820 1127 904 1214 ὑγιές
926 1135 1119 1199 scribendum
1142 1152 1214 1200 esse
1236 1128 1311 1216 dpl-

203 1246 276 1321 loo,
299 1239 446 1306 evertitur
468 1235 609 1315 exemplo
632 1231 774 1314 adjectivi
795 1227 908 1314 plvndg
930 1241 960 1296 et
974 1237 1215 1313 compositorum
1231 1237 1311 1316 γλυ-

203 1337 363 1424 κύμυθος,
392 1331 551 1418 menopes
572 1339 630 1398 etc.
653 1332 817 1412 veriorque
838 1331 963 1402 videtur¹
979 1333 1127 1413 Stephani
1150 1337 1308 1398 correctio

200 1433 338 1522 dptpldo.
381 1435 536 1514 Deinceps
558 1431 707 1513 agendum
727 1437 777 1494 est
798 1431 836 1496 de
856 1431 985 1514 vocalis,
1006 1449 1085 1513 quae
1107 1449 1232 1496 causam
1256 1435 1309 1497 le-

203 1540 261 1620 cit,
289 1536 354 1600 siro
383 1532 565 1615 pleonasmo
587 1531 653 1594 sire
676 1530 792 1611 ellipsi3
830 1547 901 1594 nam
922 1529 952 1594 id
974 1530 1106 1595 discerni
1127 1532 1309 1614 plerumque

200 1635 316 1718 nequit.
353 1631 428 1708 Quis
457 1631 537 1695 onim
559 1628 669 1693 dixerit
696 1634 796 1694 utrum
818 1631 973 1710 antiquius
995 1631 1101 1712 luerit,
1131 1627 1309 1695 Kooooitoo

201 1752 241 1802 en
263 1727 438 1798 Kdotlool
481 1729 515 1794 Si
537 1735 655 1812 tamen,
686 1735 720 1792 ut
748 1733 870 1793 veteres
891 1729 1106 1812 instituerunt,
1135 1732 1237 1795 omnia
1265 1731 1307 1796 ad

200 1846 391 1902 communem
412 1824 532 1893 dicendi
554 1826 807 1892 consuetudinem
835 1834 978 1908 tanquam
1000 1825 1038 1891 ad
1059 1845 1197 1892 normam
1218 1831 1307 1894 relc-

200 1936 305 2014 rimus,
324 1921 442 2012 κεφαλή
467 1941 523 2007 pro
544 1925 649 1989 nativo
673 1927 850 2009 accipietur,
872 1922 963 2009 κεβλὴ
984 1943 1041 2006 pro
1064 1927 1209 1991 adeoto.⁸
1240 1929 1306 1994 Sed

199 2033 284 2098 nulla
297 2023 472 2111 huiusmodi
488 2025 608 2088 rationo
623 2025 725 2087 nitens
737 2024 918 2088 Eustathius
935 2043 964 2105 p.
983 2025 1052 2108 973,
1065 2027 1115 2091 30.
1137 2022 1248 2108 σιφλός
1265 2046 1306 2093 ex

199 2133 327 2204 oluuioc
349 2135 448 2194 ortum
471 2140 543 2190 esse
564 2122 702 2188 decernit
730 2124 871 2208 συγκοπῇ
893 2121 946 2187 ool
965 2127 1087 2208 epoopl
1113 2140 1249 2207 suasque
1271 2129 1304 2192 in

199 2239 306 2316 partes
327 2228 419 2292 traxit
433 2222 643 2289 lluhnlrenium
657 2221 756 2302 Epist.
777 2221 844 2289 166.
867 2225 926 2288 elsi
948 2224 1008 2287 loo
1029 2229 1152 2304 praeter
1172 2225 1304 2306 glossa-

198 2333 245 2396 ria
265 2327 362 2394 semol
384 2331 500 2389 tantum
521 2322 632 2402 legitur
657 2320 689 2384 in
714 2336 808 2385 verso
829 2323 926 2403 ignoti
948 2329 1076 2407 poetae,
1103 2324 1178 2388 illud
1199 2332 1303 2392 autem

200 2429 326 2509 saepius
354 2423 435 2505 apud
463 2419 708 2503 Alexandrinos,
737 2424 768 2483 et
788 2421 914 2486 verbum
936 2424 1070 2503 ooploriv
1090 2423 1121 2484 in
1141 2422 1302 2489 homerico

197 2529 269 2593 loco
291 2525 324 2590 ll.
347 2523 423 2587 XlV.
448 2519 516 2586 142.
546 2525 694 2600 suspecto
718 2523 818 2582 tamen
845 2527 879 2584 ut
901 2520 1004 2584 Schol.
1024 2520 1101 2584 ilict.
1125 2523 1167 2585 uit
1192 2541 1303 2606 περισ-

199 2621 254 2699 σός
275 2617 293 2687 ὁ
315 2621 415 2702 στίχος
433 2614 486 2682 καὶ
506 2611 526 2700 ἡ
547 2611 625 2694 λέξις
644 2617 708 2679 τῶν
727 2613 892 2697 νεωτέρων.
940 2618 1075 2683 Eandem
1098 2635 1221 2687 causent
1245 2627 1304 2692 sed

198 2726 266 2792 sine
288 2726 419 2802 patrono
442 2716 506 2797 egit
524 2715 732 2781 Blomdeldius
760 2732 851 2797 quum
872 2717 903 2780 in
925 2717 1026 2782 Gloss.
1051 2717 1089 2781 ud
1109 2720 1206 2800 rigam
1226 2723 1301 2791 318.

198 2815 301 2908 φύτλη
328 2836 367 2882 ex
390 2817 516 2895 antiqua
536 2831 614 2879 voce
635 2809 771 2897 φυτάλη,
801 2819 889 2895 otljlls
911 2817 1024 2882 nullum
1049 2834 1178 2897 usquam
1200 2825 1303 2886 vesti-

198 2921 280 3002 gium
302 2921 441 2998 apparet,
469 2919 661 2979 contractum
684 2931 756 2978 esse
778 2913 944 2978 contendit.
993 2914 1113 2979 Etenim
1134 2917 1210 2982 haec
1235 2928 1302 2985 ter-

198 3017 324 3084 minatio
353 3015 399 3079 sie
420 3019 454 3077 ut
476 3013 556 3077 aliae
576 3014 604 3076 ei
626 3013 733 3077 allines
756 3012 904 3093 stirpibus
925 3014 1145 3078 vocabulorum
1167 3017 1303 3098 subjun-

197 3117 279 3198 gitur
299 3113 390 3178 modo
412 3113 490 3193 ipsis
503 3106 624 3194 periples,
646 3106 796 3191 στρεβλός,
817 3107 938 3193 plinton,
957 3105 1064 3192 ἀχλύς,
1086 3113 1178 3178 modo
1200 3117 1302 3182 inter-

197 3214 303 3299 posita
328 3212 431 3276 vocali
455 3207 614 3288 Φύταλος,
640 3204 814 3291 crocodilos
842 3217 900 3274 elo.
932 3230 960 3274 v.
983 3211 1093 3275 Parall
1115 3211 1185 3276 436.
1206 3223 1209 3232 ’
1231 3216 1300 3292 Quo

195 3315 227 3379 in
248 3327 361 3392 genere
375 3321 482 3390 neque
495 3309 609 3389 lingere
623 3310 807 3390 permissum
821 3317 870 3374 est
883 3328 961 3391 quae
978 3318 1057 3376 teste
1076 3318 1182 3374 carent
1198 3331 1301 3396 neque

195 3427 305 3476 rursus
330 3408 418 3472 fldem
440 3408 590 3489 derogare
612 3409 744 3472 testatis.
794 3409 914 3472 Etenim
935 3410 1129 3490 reperiuntur
1150 3416 1301 3480 nonnulla

197 3509 349 3590 duplicem
370 3508 498 3570 lormem
519 3508 631 3572 sortito
650 3502 782 3588 deinoi,
802 3502 935 3588 ἄστριγξ,
957 3503 1076 3590 ὅστλιγξ
1098 3517 1129 3573 et
1146 3503 1298 3597 ὀστάλιγξ,

197 3625 275 3690 quae
303 3606 557 3687 significationem
592 3607 727 3672 tortuosi
758 3606 873 3670 habent
901 3623 920 3670 a
949 3609 1045 3672 verbo
1077 3603 1199 3692 στρὲφω
1232 3615 1300 3677 sire

200 3763 487 3778 ’,ι-ᾔ

260 3857 292 3925 s)
309 3852 401 3918 ’lodii
429 3852 575 3921 Hesychius
598 3853 673 3911 uliert
696 3855 766 3910 idem
792 3855 942 3923 significans
967 3861 1045 3924 atque
1067 3857 1143 3923 ῖξάλη
1164 3865 1192 3915 et
1208 3877 1296 3918 rursus

194 3941 304 3996 Κίκελος
322 3935 420 4007 τροχός
436 3951 483 4004 pro
500 3934 596 3995 κύκλος
613 3939 711 4007 circus,
732 3940 858 4004 circulus,
877 3944 904 3993 ut
921 3940 1033 3994 videtur.

260 4023 290 4092 9)
313 4021 524 4086 Substantirum,
548 4019 581 4075 de
605 4036 657 4089 quo
682 4022 809 4091 loquitur,
834 4025 860 4075 in
878 4023 953 4077 codd.
973 4025 1101 4079 nonnuliis
1118 4025 1298 4097 Lycophronis

195 4105 294 4175 cipitur
310 4110 338 4160 et
355 4105 474 4173 σίμφλος
493 4105 617 4172 scriptum
634 4111 676 4162 est
693 4111 721 4160 ut
736 4121 804 4161 nuuc
822 4107 916 4163 dicitur
934 4107 1048 4176 τζίμπλα
1065 4123 1112 4178 pro
1129 4109 1269 4180 lippitudo.
