2770 4992
275 230 326 294 DE
348 229 444 295 MUT.
467 231 624 299 rnaldo.
647 232 797 300 crusis.
831 235 862 300 d.
879 236 927 302 lll.
948 244 978 312 §-
994 237 1021 302 2.
1161 239 1206 306 tle

88 391 180 479 θήρα
208 402 241 459 et
268 391 358 478 φύρα
386 397 606 461 amuseulinis
632 415 704 462 osse
731 415 910 480 progressa.
951 401 1000 464 llr
1019 402 1207 486 nominibus,

90 513 172 577 quae
203 496 237 558 in
259 497 359 575 sigma
384 497 571 580 innituntur,
600 499 776 579 Stephanus
797 499 857 564 lunc
876 501 973 565 refert
990 496 1101 583 Κρήτη
1121 500 1206 585 παρὰ

88 591 124 658 τὸ
145 592 243 676 Κρής
264 589 307 668 ὦς
326 589 443 680 Θρηίκη,
467 603 497 660 et
522 597 655 679 Φοινίκη
676 591 739 661 ἀπὸ
758 599 813 681 τῆς
833 599 977 680 φοίνικος
996 600 1136 682 γενικῆς,
1157 602 1206 666 oui

1 743 5 760 ,
89 691 252 760 simillima
273 703 346 759 sunt
367 692 465 776 ἰχθύσι
484 702 515 760 et
536 689 658 779 ὀφρύη,
689 697 745 762 sed
766 693 855 772 σίσύρ
876 704 909 762 et·
928 694 1037 777 οίσύιι,
1065 694 1154 781 ίγνύς
1174 707 1206 764 et

89 789 187 876 ἰγνύσι
207 811 291 858 uoco
313 794 424 877 solum,
446 812 510 858 non
531 797 623 859 etiam
644 797 869 875 significatione
886 796 1059 861 dillerunt.⁷
1083 793 1206 880 Αηρύς

87 895 182 976 ηροία
203 900 239 956 ut
267 890 357 974 Τρύς
373 893 470 976 Τροία
490 895 645 978 boeotiae,
666 902 700 958 ut
721 901 817 978 ajunt,
838 902 937 976 tropa.
976 894 1108 978 Αξίφος
1120 895 1204 980 ξίφη,

89 1011 108 1056 a
128 997 227 1074 τῖφος
247 994 324 1076 τίφη
344 995 440 1058 Arist.
459 994 536 1059 Aen.
558 992 627 1058 920.
650 1012 731 1076 quae
747 995 840 1074 uulgo
855 991 941 1077 τύφη
957 996 1205 1077 vocaturplanta

88 1093 247 1174 palustris
274 1113 303 1157 u.
332 1093 510 1157 Schneider.
538 1091 577 1156 ad
606 1094 757 1174 Tbeoplrr.
784 1094 862 1158 llist.
887 1095 936 1158 lv,
966 1094 1014 1177 10,
1041 1093 1070 1158 5.
1099 1101 1145 1177 et,
1171 1102 1206 1158 ut

2 1181 4 1200 ⁸
88 1192 174 1256 idem
189 1193 380 1274 suspicatur,
400 1194 476 1274 τίφη
489 1193 641 1258 insectum
658 1191 841 1275 aquaticum,
861 1191 947 1273 quod
963 1193 1063 1256 Latini
1077 1193 1204 1274 tipulam

2 1277 3 1312 r
88 1297 226 1374 uocant,
253 1291 448 1372 indidemque
470 1292 545 1356 urbs
566 1292 719 1376 Thespica
740 1291 900 1355 adlncum
921 1293 984 1356 sita
1010 1291 1114 1374 Σιφαί
1135 1293 1204 1356 sire

2 1376 3 1384 '
93 1392 197 1472 Τίφαι
210 1397 343 1453 accentu
357 1391 498 1454 variabili
509 1409 536 1454 v.
545 1391 648 1455 Wass
663 1390 703 1454 ud
715 1391 862 1456 illucll.
871 1391 919 1456 76.
932 1391 1045 1457 Siebel.
1060 1392 1099 1456 ud
1112 1391 1204 1459 Puus,

88 1489 139 1553 ild
154 1489 209 1571 23,
222 1489 251 1552 3.
272 1505 291 1552 a
312 1506 369 1570 pes
384 1488 464 1570 peda
485 1496 519 1552 ut
539 1507 557 1552 a
576 1485 659 1564 σιούς
678 1488 780 1572 πῆδον
800 1484 961 1573 πηδάλιον,
984 1491 1067 1573 quod
1088 1490 1204 1556 Pinda-

2 1633 3 1644 ,
88 1605 145 1651 rus
161 1586 238 1651 dicit
250 1582 331 1662 πούς
344 1584 453 1662 νοός.8
490 1587 650 1652 Postremo
666 1589 705 1653 ab
720 1589 768 1652 luis
783 1605 862 1670 quae
877 1589 910 1652 in
924 1587 1076 1669 duplicem
1090 1598 1205 1654 exeunt

88 1687 166 1770 θρίξ
187 1686 305 1767 θρίσσα
327 1689 373 1770 (et
392 1687 499 1769 τριχίς)
521 1683 593 1770 φύν
614 1682 735 1770 φύσσιι,
766 1697 798 1753 et
818 1694 940 1752 retenta
962 1704 1102 1750 consona
1124 1705 1204 1768 quoe

89 1789 122 1849 in
140 1788 280 1867 genitivo
302 1790 430 1868 emergit
447 1785 597 1872 Βομβύκη
613 1789 739 1852 tibicina
757 1783 907 1870 σβύμβυξ
925 1787 1010 1869 tibia,
1031 1781 1164 1869 Καλύκη
1184 1804 1204 1850 a

1 1868 2 1895 ¹
90 1881 198 1962 κάλυξ.
235 1885 284 1948 Ex
304 1887 404 1950 altero
427 1905 570 1952 sermone
585 1889 645 1952 huc
659 1890 800 1952 revocari
816 1892 950 1969 possunt
963 1885 1024 1949 mel
1039 1885 1140 1968 mella,
1162 1887 1204 1948 oi-

91 2001 145 2050 eer
170 1986 282 2067 cicera,
302 2001 425 2066 merges
445 2003 558 2070 merga,
581 1986 623 2050 lix
643 1987 714 2070 lixa,
736 2004 821 2052 mors
843 1993 944 2051 morta
964 1985 1038 2067 (nisi
1058 1999 1203 2063 maecum

2 2153 3 2156 ,
92 2091 144 2148 est
157 2079 271 2166 μοριη)
288 2101 325 2146 os
341 2102 397 2147 ora
411 2085 505 2166 (unde
522 2103 607 2168 oreo,
624 2089 752 2170 aureax)
766 2088 815 2149 uis
826 2087 917 2150 uirus,
938 2085 995 2148 llic
1009 2099 1099 2147 nemo
1114 2084 1205 2146 mira-

91 2183 178 2246 bitur
199 2199 254 2245 eur
268 2199 326 2262 ego
344 2179 416 2265 φύν
429 2180 536 2267 φάσσα
557 2184 793 2250 denominativis
816 2183 1035 2265 adscripserim
1049 2181 1202 2247 uocabulo

93 2281 133 2346 ad
156 2283 293 2363 speeiem
315 2283 407 2346 simili
428 2281 472 2358 da
493 2281 572 2347 ὄσσα
592 2286 672 2348 inter
693 2283 973 2366 paraschematista
993 2281 1110 2361 relat03
1132 2296 1203 2345 nam

2 2431 3 2444 .
91 2381 148 2444 illa
167 2397 241 2443 raro
263 2379 343 2443 idem
365 2383 553 2466 significant,
582 2385 659 2447 hoec
681 2387 807 2466 saepius
817 2435 827 2468 ,Ι
845 2381 938 2463 idque
958 2381 1031 2445 milri
1052 2381 1131 2444 satis
1153 2379 1203 2444 vi-

93 2496 164 2544 sum
192 2495 248 2541 eur
273 2480 306 2541 in
333 2483 516 2546 tautosemis
537 2499 745 2567 numerarem,
773 2484 833 2548 etsi
853 2495 1047 2562 nequaquam
1069 2483 1203 2544 conteu-

94 2577 165 2641 dam
186 2577 287 2641 ubiuis
309 2595 401 2642 unum
423 2597 479 2661 pro
505 2583 604 2645 altero
634 2582 780 2646 substitui
801 2599 906 2662 posse.
948 2581 1014 2645 Nec
1035 2583 1202 2660 propterea

95 2675 179 2757 quod
208 2671 316 2756 σικύα,
350 2681 377 2742 si
398 2681 619 2746 cucurbitulam
639 2681 827 2745 medicorum
848 2680 1017 2761 significat,
1045 2693 1109 2740 non
1130 2676 1204 2740 lieet

96 2792 164 2838 eum
185 2776 274 2850 σίκυς
295 2782 488 2864 commutari,
516 2798 574 2845 neo
595 2775 719 2863 κόγχος,
742 2782 770 2844 si
791 2777 987 2860 conchidem,
1010 2792 1078 2840 eum
1097 2770 1202 2858 κόγχη,

95 2873 173 2937 liaeo
204 2877 328 2940 nomina
357 2878 396 2942 ad
424 2880 651 2944 denominativo
679 2881 872 2943 transieram.
928 2875 990 2941 Sed
1018 2875 1078 2938 bue
1105 2875 1204 2953 magis

97 2973 269 3054 propendet
290 2977 373 3056 quod
395 2980 498 3044 Schol.
519 2981 592 3044 Hcs.
615 2981 699 3044 Scut.
721 2978 790 3043 291.
813 2978 900 3040 allent
918 2969 938 3058 ἡ
957 2965 1203 3054 Mesorome

95 3067 225 3152 λέγεται,
249 3067 289 3138 ού
309 3072 413 3158 μέντοι
432 3081 516 3142 πᾶσα
537 3073 622 3161 ἆίωή
645 3075 698 3142 καὶ
716 3073 807 3155 ἅλως,
829 3091 971 3157 quaeque
984 3073 1046 3136 aliu
1059 3089 1078 3134 a
1093 3070 1203 3136 Gram-

95 3173 217 3236 maticis
237 3183 366 3256 propter
387 3179 600 3242 confusionem
621 3184 782 3241 notantur:
802 3171 917 3256 ἄστρον
937 3172 1041 3245 κακῶς
1062 3164 1126 3234 aaa
1146 3164 1203 3234 τὸν

96 3263 210 3352 ἀστέρα
231 3273 333 3338 Schol.
355 3275 439 3341 Pind.
466 3276 512 3344 Ol.
535 3277 555 3342 I.
578 3276 605 3342 9.
635 3277 844 3342 8011011111.
867 3275 915 3338 11.
942 3273 1061 3352 αύθρνιν
1081 3264 1138 3334 τὸν
1158 3268 1204 3334 al·

161 3498 191 3565 ⁷)
221 3497 270 3552 Pro
294 3497 429 3567 σύκινος
452 3499 517 3554 rou.
539 3497 569 3552 x.
592 3499 648 3554 rra.
673 3497 886 3554 Hemstemusius
913 3494 1013 3548 ruerat
1034 3507 1068 3547 an
1089 3490 1207 3560 ηιιιιις

97 3581 263 3637 scribendum
281 3585 329 3651 sit,
355 3583 424 3651 quod
448 3585 527 3637 tacito
548 3588 655 3637 auctore
675 3581 767 3650 probat
792 3580 920 3646 Berglrius
944 3577 1046 3644 Fragm.
1072 3574 1205 3643 Aristoph.

98 3664 170 3718 llole.
184 3665 220 3720 ll.
239 3667 312 3722 1116.
333 3666 481 3720 llindorlius
500 3666 541 3720 Fr.
561 3666 626 3720 XIX.
646 3667 750 3721 silentio
769 3663 950 3734 praetermittit
967 3666 1089 3726 tanquam
1111 3659 1207 3724 opina-

97 3746 157 3802 bile.
192 3748 273 3803 llttici
296 3763 360 3806 sene
385 3748 501 3818 σμινύας
526 3764 637 3806 vocasse
657 3751 776 3804 dicuntur
792 3763 818 3802 v.
838 3745 986 3801 Schneider
1003 3743 1063 3797 Cur.
1082 3740 1153 3795 Post.
1172 3739 1206 3794 ad

1 3891 4 3900 ,
99 3829 153 3884 Nic.
171 3829 249 3888 Ther.
268 3831 328 3889 385.

158 3915 189 3984 8)
217 3915 339 3972 Indidem
364 3916 451 3970 πέδον
474 3922 501 3973 et
516 3917 584 3982 πέύη
607 3917 682 3988 παρὰ
708 3916 756 3970 τὸν
773 3914 847 3968 nodo
870 3911 906 3971 ὡς
932 3906 1027 3978 ὀβολός
1044 3905 1207 3976 ἡμιωβέλιον

99 3997 183 4053 schol.
203 4000 235 4054 ll.
256 3999 326 4054 lllll.
345 4001 388 4057 36.
413 4015 481 4070 quae
497 4004 625 4070 scriptura
641 4006 760 4059 remanet
783 4002 810 4053 iu
828 3995 994 4053 monimentis
1011 3993 1209 4059 inscriptionum

98 4083 173 4150 uulgo
191 4083 349 4149 obliterata3
370 4088 396 4140 et
413 4083 496 4153 pedes
514 4088 542 4140 ut
559 4085 622 4141 ales.
688 4087 691 4093 '
