2788 4986
215 298 262 364 20
361 353 366 364 .
578 285 900 354 olssunulmo
930 286 952 349 l.

215 454 275 528 κδν
300 451 400 542 ὄνομα
427 459 491 532 τοῖς
518 450 607 533 ζῶοις
635 443 906 534 άπεκληρῶσαντο,
942 443 999 514 τὸν
1021 444 1078 532 μὲν
1104 445 1221 532 ἄρσενα
1248 445 1325 534 ὄφιν

216 553 292 642 ὄφιν
313 549 481 640 ἀρσενικῶς
501 547 725 637 ὀνομάσαντες,
759 545 816 614 τὸν
843 544 876 613 δε
900 551 1006 633 δῆλον
1033 543 1156 632 ἔχιδναν
1175 552 1327 633 θηλυκῶς

215 654 268 722 καὶ
289 649 420 738 τὸνμὲν
441 651 555 736 ἄρσενα
576 647 748 734 ἄνθρωπον
769 641 937 732 ἀρσενικῶς
957 643 1066 729 ἄνδρα,
1087 641 1143 712 τὸν
1163 644 1198 711 δὲ
1218 651 1326 732 θῆλυν

215 759 359 840 γυναῖκα,
381 761 414 817 οι
436 755 486 817 uir
506 789 547 798 -
568 752 690 814 molier.
735 747 797 814 Sed
817 747 891 812 illud
913 765 976 813 non
997 750 1095 830 magis
1117 749 1207 811 lixum
1230 765 1326 830 quam

217 854 300 938 quod
327 859 451 941 praeiet
472 851 551 915 alios
573 849 747 929 Antigonus
770 847 861 912 tradit
889 863 916 912 c.
937 847 1053 912 XXVll.
1073 849 1138 910 τῶν
1158 841 1327 911 ἀλκυόνων

217 955 248 1030 οἱ
272 951 395 1038 ἄρσενες
420 946 549 1036 κηρῦλοι
576 943 726 1030 λέγονται,
756 954 787 1011 ei
816 945 919 1010 Schol.
941 945 1149 1012 11.X11.385.
1179 940 1327 1029 δάῤῥρν

216 1051 325 1138 δελφὶν
350 1048 466 1132 λέγεται
492 1041 652 1132 daventria.
680 1047 715 1110 ln
728 1042 958 1128 quadrupedum
972 1061 1046 1108 vero
1061 1047 1236 1109 nominibus
1251 1062 1327 1109 ere-

216 1155 274 1220 bra
302 1160 351 1218 esl
380 1151 458 1213 haee
486 1146 619 1212 diastole
645 1141 763 1229 κάπρος
783 1140 801 1208 ὁ
822 1138 900 1225 πρὸς
918 1139 1048 1226 θήλειαν
1072 1144 1133 1207 οῦν
1152 1141 1327 1208 διαστελλό-

216 1273 308 1335 μενος
329 1250 415 1314 Eusl.
429 1245 499 1329 845,
515 1247 562 1312 12.
583 1246 697 1326 ταῦρος
714 1284 755 1294 -
768 1243 845 1326 βοῦς
870 1261 899 1324 p.
915 1241 1004 1325 1625,
1017 1242 1066 1308 41.
1087 1240 1258 1326 τράγος-
1273 1243 1326 1320 αἲξ

219 1350 289 1416 Soli.
312 1347 441 1413 Theour.
462 1345 483 1409 l.
505 1343 533 1410 (l.
562 1339 703 1425 κάπρους
725 1340 797 1417 σύες
824 1339 877 1406 καὶ
902 1335 1035 1423 τράγους
1054 1335 1135 1424 αἶγες
1155 1338 1326 1424 ἐπάγονται

217 1447 369 1512 Plutarch.
392 1443 485 1524 Gryll.
508 1443 567 1509 llll.
589 1443 658 1509 220.
682 1443 714 1508 T.
727 1440 804 1505 Xlll.
826 1440 937 1522 quibus
960 1442 1071 1505 similia
1090 1442 1186 1505 lalina
1205 1447 1326 1507 taurus

218 1583 259 1596 -
278 1562 393 1623 cocco,
417 1541 538 1606 hoedus
552 1579 592 1587 -
606 1559 705 1624 cupro
727 1548 785 1604 etc.
827 1540 917 1603 Elin
940 1539 1101 1604 vocabulis
1122 1541 1325 1625 adiuuantium,

218 1661 298 1727 quae
319 1650 428 1706 ualura
457 1647 487 1704 el
509 1627 746 1723 significatione,
779 1655 841 1703 non
870 1640 975 1709 etiam¹
989 1656 1068 1704 voce
1094 1639 1220 1703 mobilia
1242 1648 1325 1722 sunt,

217 1737 308 1817 πόσις
319 1775 361 1787 -
376 1735 493 1822 δάμαρ,
514 1733 640 1813 πάππος
650 1773 692 1785 -
704 1734 803 1822 τήθη,
822 1731 892 1810 υἱός
905 1773 947 1784 -
960 1733 1112 1820 θυγάτηρ,
1133 1733 1271 1821 γαμβρός
1284 1775 1326 1785 —-

218 1882 259 1892 -
275 1835 366 1914 νοός,
388 1834 468 1922 durio
482 1874 523 1884 —
537 1835 654 1920 γάλος,
683 1855 762 1919 quae
784 1837 964 1903 Eustallulus
987 1856 1015 1919 p.
1033 1835 1102 1903 391.
1124 1832 1326 1919 ἓτερωνύμως

203 1939 376 2022 appellata
389 1937 471 2022 dicii,
485 1936 607 2017 aliaque
620 1937 657 2000 ab
666 1937 806 2002 Helladio
822 1935 1084 2000 memoralaPluol.
1093 1935 1325 2019 conuiuium.

218 2042 275 2104 τοῦ
303 2031 417 2118 ἀνδρὸς
444 2029 500 2099 τὸν
528 2029 665 2118 ἀδελφὸν
693 2030 787 2114 δαέρα
813 2036 959 2113 καλοῦσι,
989 2029 1048 2119 τὴν
1069 2031 1102 2098 δε
1122 2029 1264 2118 ἀδελφὴν
1285 2029 1325 2099 οῦ

219 2135 345 2218 δάειραν
365 2129 442 2200 ἀλλὰ
462 2129 559 2217 γάλον
578 2134 652 2217 (sic)
680 2132 734 2200 καὶ
753 2139 843 2198 θεῖον
863 2129 920 2217 μὲν
940 2129 996 2199 τὸν
1015 2137 1073 2198 τοῦ
1093 2127 1209 2214 πατρὸς
1231 2126 1324 2198 oidel-

87 2277 91 2284 ·
177 2227 298 2322 ἐμόν,
326 2229 430 2301 οῦκέτι
458 2229 491 2298 δὲ
517 2233 608 2297 θείαν
633 2229 670 2298 τὸ
691 2235 776 2318 θῆλυ
797 2226 874 2298 oillei
893 2234 1015 2319 τηθίδα.
1064 2235 1120 2298 llis
1142 2251 1221 2315 quae
1245 2251 1326 2297 οοῃ.
1385 2255 1386 2282 ;

219 2337 346 2400 veniunt
371 2335 404 2398 in
431 2334 529 2397 allero
559 2349 702 2397 sermone
722 2333 900 2397 Priscianus
923 2342 1080 2398 enumerat
1101 2333 1172 2396 loco
1195 2335 1325 2414 proprio
1385 2337 1386 2424 ξ

223 2436 255 2499 V.
271 2435 297 2500 1.
313 2432 380 2499 167.
403 2433 455 2512 qui
477 2437 525 2495 esi
547 2430 584 2495 de
605 2433 756 2496 motione:
777 2432 1023 2514 frater-soror,
1040 2437 1325 2515 patruos-amito,
1385 2431 1386 2449 l

222 2529 636 2607 auunculus-molarium·
659 2539 721 2596 lum
736 2530 845 2596 deiude
860 2533 933 2599 lllll.
951 2533 997 2616 10,
1014 2533 1063 2598 57.
1086 2533 1169 2612 (450.
1184 2533 1231 2615 Ρ.)
1247 2550 1328 2599 con-

222 2633 281 2695 [εει
310 2646 377 2694 cum
405 2629 558 2712 inaequali
585 2629 791 2694 declinatione
819 2634 973 2696 nominum
1002 2640 1032 2695 el
1053 2633 1218 2696 uerborum
1247 2650 1329 2713 ομο-

222 2731 294 2810 mez’,
314 2729 489 2810 sero-toli,
513 2736 543 2793 et
565 2745 634 2792 cum
655 2727 823 2793 collatione
841 2729 1061 2811 adjectivorum
1076 2731 1329 2797 bouus-melior

223 2835 281 2893 elc.
317 2826 575 2904 Quemadmodum
601 2829 694 2909 igitur
722 2828 753 2890 in
775 2829 993 2908 personalibus
1020 2830 1170 2911 quaedum
1197 2830 1331 2896 heleno-

223 2928 297 2992 clilu
316 2933 466 2990 uocantur
486 2922 570 2991 ἔσθιε
590 2923 726 3010 ἔφαγον,
755 2922 841 3009 φέρω
863 2927 956 3007 οἴσω,
980 2935 1019 3013 el,
1041 2946 1120 3011 ulnae
1141 2929 1331 3010 Apollonius

224 3025 263 3091 de
287 3025 379 3090 Pron.
397 3021 437 3106 ’μ
469 3025 515 3090 ll.
543 3026 591 3090 luis
621 3026 817 3109 aequiparat,
851 3027 883 3089 in
917 3028 1094 3094 casualibus
1128 3028 1331 3111 heleroplola

223 3119 312 3203 ὕδωρ
339 3118 470 3198 ὕδατος,
502 3125 548 3188 sic
575 3123 650 3188 illud
670 3125 877 3205 impariliuaus
898 3142 995 3207 genus
1018 3135 1048 3192 el
1070 3129 1097 3192 si
1119 3127 1191 3209 quid
1217 3127 1331 3195 eodem

225 3221 323 3300 vergit
339 3221 569 3301 heteronymiue
582 3224 705 3287 nomine
717 3225 833 3305 signari
848 3230 968 3305 potest:
990 3221 1115 3308 Λάγνος
1135 3220 1226 3311 ἀνήρ,
1247 3227 1331 3314 γυνὴ

225 3314 259 3384 δὲ
277 3314 394 3401 μαχλάς
413 3319 605 3402 Moschopul.
626 3321 705 3387 Ilici.
725 3324 788 3387 Act.
809 3316 937 3406 ἀσελγής
959 3319 1008 3388 ἐπὶ
1028 3318 1203 3408 ἀρσενικοῦ,
1226 3322 1279 3390 ἐπὶ
1297 3325 1331 3392 δὲ
1384 3351 1385 3354 ’

224 3417 283 3482 τοῦ
307 3417 449 3500 θηλυκοῦ
470 3412 573 3483 οὐκέτι
600 3413 692 3502 (ἀλλά
711 3415 837 3503 μάχλος)
862 3421 1030 3507 ThomaS‚²
1057 3418 1137 3507 άνήρ
1157 3419 1214 3507 μὲν
1236 3421 1331 3512 Ἀθη-

224 3519 329 3596 ναῖος,
364 3507 405 3579 οῦ
430 3511 494 3601 μὴν
517 3510 669 3601 Ἀθηναία
702 3515 782 3603 γυνή
812 3512 874 3584 ἀλλ’
901 3515 1099 3605 ἕτερυνῦμως
1126 3517 1234 3608 άττική
1264 3527 1332 3602 (καὶ

225 3607 318 3696 ἀστή)
339 3614 426 3679 Eusl.
444 3633 472 3696 p.
485 3616 535 3700 84,
550 3616 598 3682 11.
619 3617 729 3700 hisque
751 3621 945 3684 constantius
967 3631 1123 3688 servatum
1144 3615 1188 3698 εἰς
1207 3622 1243 3686 ’ia
1264 3627 1332 3691 sive

291 3875 321 3942 2)
355 3874 401 3928 llis
427 3875 523 3942 apponi
548 3880 657 3942 possunt
681 3890 749 3945 quae
774 3893 833 3933 eum
857 3894 955 3947 genere
986 3883 1203 3950 significationem
1232 3895 1330 3944 ululant

225 3959 332 4026 ἑταῖρος
350 3955 364 4008 ὁ
383 3957 469 4024 φίλος,
489 3956 582 4024 ἑταίρα
601 3957 629 4008 δὲ
650 3957 663 4022 ἡ
683 3958 768 4030 πόρνη
787 3962 861 4017 Eusi.
879 3965 921 4032 84,
939 3965 980 4021 30.
999 3967 1097 4019 emices
1111 4000 1143 4010 -
1157 3973 1251 4039 emico,
1279 3989 1329 4027 cu-

221 4038 267 4104 lus
289 4038 458 4093 mascnlinum
477 4043 517 4094 est
534 4042 647 4096 acuasius
665 4042 691 4096 id
712 4050 753 4098 est
770 4059 836 4112 puer
854 4050 1013 4116 meritorius,
1039 4059 1152 4107 seculum
1169 4055 1261 4123 uirile,
1287 4073 1330 4110 αι-

223 4139 389 4190 uuo-auom
426 4121 510 4177 Etiam
530 4123 620 4186 θῆσσα
642 4128 668 4178 in
690 4126 746 4180 loro
763 4127 850 4184 Attico
868 4132 1015 4186 distinctum
1033 4149 1049 4188 a
1066 4133 1125 4198 θής.
