2758 4994
193 285 252 350 DE
274 283 491 356 NOMINIBUS
513 283 555 349 ΙΝ
574 295 595 368 ρ
611 281 871 347 EXEUNTIBUS.
902 291 932 358 §-
954 285 983 349 3.
1073 287 1137 354 ecl

20 469 83 514 non
105 469 126 514 a
146 457 337 532 prototypo.
348 451 377 493 ¹⁷
413 451 499 526 Quae
520 466 595 514 voro
616 449 743 530 primam
762 447 964 532 protendunt,
985 449 1140 528 barptoua

21 557 91 614 sunt
112 545 254 632 ἥμερος,
275 545 439 630 νύκτερος,
462 555 593 630 excepto
615 563 676 610 uno
698 543 853 628 καρτερός,
882 548 955 628 quia
975 564 1014 611 ex
1037 553 1139 612 mata-

23 650 103 712 tlesi
133 655 250 712 natum
277 648 441 712 Herodian.
463 647 501 712 de
524 649 668 712 lliohron.
690 647 789 711 Crem.
809 647 858 711 lll.
880 646 949 714 294.
983 645 1061 710 llino
1082 663 1138 710 se-

22 748 124 827 quitur
152 741 320 828 θλιβερός,
349 749 398 812 cui
425 748 457 810 in
479 748 638 812 Thesauro
668 745 781 825 dactyli
801 751 878 810 nota
899 744 1058 825 adscripta
1079 752 1138 828 est,

22 847 120 910 tribus
144 853 301 910 constare
329 845 484 911 brevibus.
532 845 639 925 Neque
670 842 760 908 aliter
787 845 999 910 existimarunt
1028 843 1138 908 Gram-

22 947 124 1008 matici
146 945 215 1008 hoc
239 951 270 1008 et
291 944 403 1007 similia
423 945 461 1010 ab
483 946 603 1009 eoristo
621 945 766 1025 passivae
789 945 905 1008 lormae
926 942 1063 1008 secundo
1083 960 1138 1008 re-

24 1051 169 1122 petentes
193 1061 225 1106 v.
247 1050 276 1117 §.
293 1041 319 1106 l.
340 1060 433 1126 unum
453 1044 584 1125 aprino
600 1044 755 1123 σταθῆναι
770 1035 930 1123 σταθερός,
951 1042 1025 1104 itam
1046 1057 1138 1106 uuum

25 1141 60 1204 ab
81 1143 191 1206 activo
216 1140 324 1224 διῆναι
349 1136 464 1222 διερός,
493 1144 582 1221 cujus
603 1158 641 1205 ea
662 1141 844 1220 significatio
873 1157 964 1220 quam
990 1140 1137 1204 Lelrrsius

26 1239 55 1300 in
73 1241 173 1304 Arist.
197 1258 229 1321 p.
251 1241 300 1304 57.
337 1240 470 1304 Homero
494 1240 623 1322 asserit,
644 1238 683 1302 ed
704 1239 760 1303 δία
782 1240 925 1321 pertinet,
947 1239 1046 1302 altera
1066 1238 1137 1302 vul-

27 1338 123 1415 gatior
153 1338 196 1404 ad
228 1334 320 1402 διύω.
361 1339 445 1402 Nulli
474 1340 604 1420 tempori
633 1339 745 1418 subjici
772 1344 877 1420 potest
906 1331 1032 1420 δαλαρός
1058 1338 1078 1400 i.
1108 1353 1137 1417 q.

28 1433 148 1518 θερμός,
173 1455 195 1501 a
217 1434 303 1515 ἃάω,
331 1445 365 1502 ut
385 1437 521 1515 videtur,
551 1434 631 1499 unde
659 1432 790 1520 Δαηρόν
809 1433 928 1518 θερμόν
955 1442 986 1500 el
1013 1429 1137 1514 Δαερόν

30 1531 203 1616 καιόμενον.
223 1537 298 1602 Hes.
320 1554 379 1602 nec
406 1538 504 1617 magis
525 1530 655 1617 θέμερος
675 1531 793 1618 σεμνός,
815 1529 971 1618 merueris
988 1535 1061 1598 Hes.
1085 1550 1136 1598 cu-

30 1637 75 1711 jus
103 1642 260 1700 accentus
292 1654 422 1718 pravus,
450 1636 633 1715 significatio
661 1637 748 1698 verbi
773 1639 877 1698 θεῖναι
903 1635 1012 1700 similis
1033 1639 1082 1696 est
1104 1639 1137 1696 ut

34 1728 170 1812 εὔθετος,
194 1728 362 1818 εὐθύμων,
385 1735 572 1815 latinumque
594 1737 790 1815 compositos
810 1735 875 1814 iq.
897 1727 1052 1816 εὐσταθής
1069 1733 1136 1796 sive

34 1825 258 1908 saumatizatus
290 1834 426 1897 sedatus
459 1827 603 1915 ’Ἑλλερος
639 1835 677 1896 ab
705 1829 780 1896 ἕΜω
808 1827 916 1914 (ἒρῤω)
945 1834 995 1897 vel
1029 1827 1137 1912 illvm

37 1942 211 2017 arcessunt,
251 1928 331 2013 ἱερός
349 1931 488 1995 nonnulli
508 1932 546 1995 ab
567 1930 652 2013 ἴημι,
681 1930 733 1994 alii
755 1931 793 1992 al)
815 1930 980 2003 i'gscilicet
1001 1932 1073 2012 quia
1085 1934 1136 2010 jus

37 2029 186 2097 leoninum
194 2050 311 2098 nomen
322 2034 423 2096 sancti
439 2037 470 2095 et
484 2029 577 2092 divini
590 2031 692 2112 habet,
702 2030 853 2110 uniusque
860 2025 990 2110 μαλερός
1004 2036 1137 2110 quatuor

38 2141 210 2212 proponunt
226 2139 329 2213 etymo
341 2127 431 2214 μάλα,
445 2124 550 2213 μαλός,
563 2125 709 2210 μαλακός,
723 2121 806 2204 ἀλέα,
821 2135 852 2192 et
864 2129 1139 2210 interpretamenta

40 2227 92 2290 sibi
112 2233 273 2296 contraria
294 2225 429 2314 ἀσθενής
450 2235 481 2294 et
501 2224 626 2311 ἰσχυρός
645 2247 674 2293 v.
694 2227 764 2292 Soli.
785 2226 887 2306 Apoll.
909 2227 930 2290 l.
952 2227 1022 2292 450.
1052 2227 1137 2302 Quae

42 2325 149 2408 siquis
170 2347 232 2411 pro
256 2348 313 2394 suo
343 2330 402 2395 sibi
430 2345 525 2394 sensu
553 2328 759 2391 concinnasse
783 2325 951 2409 videbitur,
981 2326 1065 2390 illico
1086 2327 1137 2390 in-

42 2436 143 2502 gruem
167 2447 249 2510 quae
277 2430 328 2493 vel
356 2428 593 2494 audacissimum
615 2425 820 2506 lapetidarum
848 2423 886 2488 ad
909 2425 1138 2490 consessionem

42 2520 226 2600 ignorantiae
249 2528 416 2610 adducant,
438 2520 610 2608 ἀβέλτερος,
633 2521 809 2606 ἐλεύθερος,
830 2518 970 2604 κολερός,
990 2519 1139 2607 πέρπερος

45 2637 193 2710 perperus,
217 2635 249 2691 et
270 2626 465 2691 substantiva
486 2627 584 2706 aeque
604 2626 767 2704 impervia:
802 2623 916 2704 εἴρερος
937 2623 990 2703 (ab
1011 2621 1083 2706 ι’ίρω
1105 2633 1138 2688 ut

46 2716 67 2779 l.
86 2723 221 2806 Scaliger
244 2725 366 2808 causet)
387 2721 521 2803 ἕσπερος,
534 2725 562 2765 1⁸
581 2720 731 2808 πενθερός
753 2723 841 2803 (tono
864 2729 956 2787 acuto
979 2727 1012 2785 ut
1034 2729 1138 2786 celera

48 2817 214 2888 affinitatum
234 2825 372 2907 nornine)
386 2817 531 2906 διφθέρα,
554 2818 686 2905 κρησέρα
706 2817 742 2884 τὸ
758 2818 842 2903 παχὺ
863 2816 984 2904 ἱμάτιον
1000 2821 1136 2902 Theogn.

49 2929 74 2991 p.
88 2917 134 2984 ill.
159 2922 288 2987 linteum
316 2923 481 2986 crassioris
502 2922 543 2985 lili
565 2929 729 3002 aptumque
751 2920 853 2984 cribro
876 2920 1057 3001 pollinario‚
1090 2924 1138 2985 oui

49 3011 117 3080 iden
130 3037 242 3086 nomen
257 3018 430 3105 κρησέρα.19
446 3014 574 3100 Ἀσκέρα
596 3027 626 3084 et
647 3019 737 3083 affine
760 3014 895 3102 ἅσκαρος
916 3021 954 3086 ab
975 3013 1068 3095 ἄρκος
1082 3019 1140 3084 de-

50 3112 165 3182 rlmtum
195 3137 268 3186 esse
296 3121 520 3185 Hemsterlrusii
549 3121 653 3202 opinio
684 3120 740 3182 luit
767 3118 847 3183 haud
867 3117 1079 3200 improbabilis
1102 3118 1141 3182 ad

52 3207 116 3277 Poll.
137 3218 171 3283 ll
193 3221 243 3286 50.
283 3219 332 3284 Ab
359 3213 419 3282 ἅλα
444 3215 484 3282 ιὰ
510 3213 623 3301 κόπρια
642 3219 715 3282 llos.
743 3219 803 3282 uisi
824 3218 884 3281 hoc
904 3217 1007 3281 lictum
1028 3223 1076 3281 est
1099 3217 1138 3280 oh

52 3381 328 3406 “““··------

112 3495 152 3563 l'll
176 3499 253 3564 Quod
274 3499 346 3554 idem
370 3501 498 3556 admiscet
523 3497 663 3569 κύντερα,
690 3497 785 3554 eodem
809 3513 907 3566 genere
932 3497 1142 3551 correlatlvorum

58 3576 194 3650 continetur,
218 3597 306 3651 neque
332 3585 383 3638 elio
403 3587 534 3654 pertinent
560 3583 715 3653 ἀρίστερος,
746 3580 887 3650 «laetamus.
922 3581 1057 3648 Paragoga
1079 3593 1141 3633 vero

58 3663 106 3710 sunl
122 3664 272 3736 θηλύτερος,
291 3665 448 3738 ἀγρότερος,
464 3666 590 3738 ἐάρτερος
609 3671 659 3720 etc.

114 3767 154 3836 18)
175 3772 305 3840 Erebum,
331 3771 489 3842 Cerberum,
517 3773 670 3828 Cinimerios
688 3775 716 3825 el
732 3772 875 3838 Κίμμερος
892 3767 976 3837 ἀχλύς
992 3769 1054 3824 lies.
1074 3770 1142 3820 cim-

60 3839 170 3908 bricarum
188 3859 367 3926 antiquitatum
385 3862 412 3912 et
435 3858 598 3913 tenebrarum
623 3859 751 3909 amatores
776 3855 870 3908 iterum
894 3854 1041 3919 iterumque
1066 3865 1142 3904 coin-

62 3937 186 3994 losuemnt
202 3957 228 3996 v.
246 3941 426 3998 Diellanbaol.
447 3939 548 3997 Celtica
565 3941 599 3996 ll.
621 3939 678 3995 174,

117 4039 157 4109 19)
173 4051 300 4118 Κρασσέα
315 4046 504 4116 ιὶλευρόιιησις
520 4047 582 4104 llas.
604 4047 666 4115 quin
684 4045 726 4100 his
746 4045 911 4110 conjunctum
924 4043 966 4107 sit,
980 4055 1031 4095 oon
1045 4039 1143 4106 dubito,

64 4118 125 4174 molo
142 4138 267 4188 constaret
284 4133 419 4198 scriptura.
456 4131 572 4187 cribrum
591 4135 619 4186 et
636 4129 823 4186 incamioulum
839 4141 855 4181 a
873 4127 965 4193 κρίνα,
983 4137 1071 4182 cerno.
