<?xml version="1.0" encoding="UTF-8"?>
<!DOCTYPE html PUBLIC "-//W3C//DTD XHTML 1.0 Transitional//EN"
    "http://www.w3.org/TR/xhtml1/DTD/xhtml1-transitional.dtd">
<html xmlns="http://www.w3.org/1999/xhtml" xml:lang="en" lang="en">
 <head>
  <title>
</title>
<meta http-equiv="Content-Type" content="text/html;charset=utf-8" />
  <meta name='ocr-system' content='tesseract 3.04.00' />
  <meta name='ocr-capabilities' content='ocr_page ocr_carea ocr_par ocr_line ocrx_word'/>
</head>
<body>
  <div class='ocr_page' id='page_1' title='image "./pathologiaeserm01lobegoog_0312.png"; bbox 0 0 2758 4994; ppageno 0'>
   <div class='ocr_carea' id='block_1_1' title="bbox 125 273 1154 351">
    <p class='ocr_par' dir='ltr' id='par_1_1' title="bbox 125 273 1154 351">
     <span class='ocr_line' id='line_1_1' title="bbox 125 273 1154 351; baseline 0.01 -11"><span class='ocrx_word' id='word_1_1' title='bbox 125 275 183 340; x_wconf 82' lang='lat' dir='ltr'><strong>DE</strong></span> <span class='ocrx_word' id='word_1_2' title='bbox 207 275 303 342; x_wconf 81' lang='lat' dir='ltr'><strong>Nou</strong></span> <span class='ocrx_word' id='word_1_3' title='bbox 326 273 491 351; x_wconf 83' lang='lat' dir='ltr'><strong>QUORUM</strong></span> <span class='ocrx_word' id='word_1_4' title='bbox 512 274 625 340; x_wconf 78' lang='lat' dir='ltr'><strong>elihu.</strong></span> <span class='ocrx_word' id='word_1_5' title='bbox 646 275 723 341; x_wconf 83' lang='lat' dir='ltr'><strong>EST</strong></span> <span class='ocrx_word' id='word_1_6' title='bbox 743 275 934 346; x_wconf 79' lang='lat' dir='ltr'><strong>LABIALlS.</strong></span> <span class='ocrx_word' id='word_1_7' title='bbox 959 279 991 344; x_wconf 87' lang='lat' dir='ltr'><strong>C.</strong></span> <span class='ocrx_word' id='word_1_8' title='bbox 1005 282 1054 346; x_wconf 96' lang='lat' dir='ltr'><strong>lll.</strong></span> <span class='ocrx_word' id='word_1_9' title='bbox 1084 277 1154 350; x_wconf 72' lang='lat'><strong>297</strong></span> 
     </span>
    </p>
   </div>
   <div class='ocr_carea' id='block_1_2' title="bbox 33 437 1154 733">
    <p class='ocr_par' dir='ltr' id='par_1_2' title="bbox 33 437 1154 733">
     <span class='ocr_line' id='line_1_2' title="bbox 33 437 1153 532; baseline 0.007 -28"><span class='ocrx_word' id='word_1_10' title='bbox 33 439 197 524; x_wconf 81' lang='grc' dir='ltr'><strong><em>Ὄνοοφις</em></strong></span> <span class='ocrx_word' id='word_1_11' title='bbox 226 441 310 505; x_wconf 92' lang='lat' dir='ltr'><strong>urhis</strong></span> <span class='ocrx_word' id='word_1_12' title='bbox 339 455 452 503; x_wconf 90' lang='lat' dir='ltr'><strong>nomen</strong></span> <span class='ocrx_word' id='word_1_13' title='bbox 483 440 589 521; x_wconf 85' lang='lat' dir='ltr'><strong>Steph</strong></span> <span class='ocrx_word' id='word_1_14' title='bbox 610 437 801 525; x_wconf 80' lang='grc' dir='ltr'><strong><em>κοοκούφος.</em></strong></span> <span class='ocrx_word' id='word_1_15' title='bbox 843 441 951 526; x_wconf 85' lang='lat' dir='ltr'><strong>Neque</strong></span> <span class='ocrx_word' id='word_1_16' title='bbox 972 453 991 509; x_wconf 80' lang='grc' dir='ltr'><strong>ὅ</strong></span> <span class='ocrx_word' id='word_1_17' title='bbox 1011 445 1153 532; x_wconf 83' lang='lat' dir='ltr'><strong>longum;</strong></span> 
     </span>
     <span class='ocr_line' id='line_1_3' title="bbox 41 534 1151 624; baseline 0.009 -21"><span class='ocrx_word' id='word_1_18' title='bbox 41 557 110 604; x_wconf 91' lang='lat' dir='ltr'><strong>nam</strong></span> <span class='ocrx_word' id='word_1_19' title='bbox 132 557 196 623; x_wconf 91' lang='lat' dir='ltr'><strong>pro</strong></span> <span class='ocrx_word' id='word_1_20' title='bbox 222 534 348 622; x_wconf 77' lang='grc' dir='ltr'><strong><em>ἀλωφός</em></strong></span> <span class='ocrx_word' id='word_1_21' title='bbox 367 535 475 614; x_wconf 59' lang='grc' dir='ltr'><strong><em>λευκός</em></strong></span> <span class='ocrx_word' id='word_1_22' title='bbox 492 539 565 606; x_wconf 88' lang='lat' dir='ltr'><strong>Hes.</strong></span> <span class='ocrx_word' id='word_1_23' title='bbox 586 542 744 622; x_wconf 84' lang='lat' dir='ltr'><strong>corrigunt</strong></span> <span class='ocrx_word' id='word_1_24' title='bbox 765 535 873 624; x_wconf 79' lang='grc' dir='ltr'><strong><em>ἀλφός.</em></strong></span> <span class='ocrx_word' id='word_1_25' title='bbox 906 543 946 606; x_wconf 88' lang='lat' dir='ltr'><strong>Et</strong></span> <span class='ocrx_word' id='word_1_26' title='bbox 959 543 991 607; x_wconf 92' lang='lat' dir='ltr'><strong>in</strong></span> <span class='ocrx_word' id='word_1_27' title='bbox 1006 545 1151 613; x_wconf 88' lang='lat' dir='ltr'><strong>universo</strong></span> 
     </span>
     <span class='ocr_line' id='line_1_4' title="bbox 40 637 1154 733; baseline 0.005 -29"><span class='ocrx_word' id='word_1_28' title='bbox 40 641 100 704; x_wconf 91' lang='lat' dir='ltr'><strong>hoc</strong></span> <span class='ocrx_word' id='word_1_29' title='bbox 121 657 244 722; x_wconf 82' lang='lat' dir='ltr'><strong>genere</strong></span> <span class='ocrx_word' id='word_1_30' title='bbox 264 638 417 719; x_wconf 83' lang='lat' dir='ltr'><strong>adjectiva</strong></span> <span class='ocrx_word' id='word_1_31' title='bbox 438 654 501 702; x_wconf 94' lang='lat' dir='ltr'><strong>non</strong></span> <span class='ocrx_word' id='word_1_32' title='bbox 527 637 597 719; x_wconf 92' lang='lat' dir='ltr'><strong>plus</strong></span> <span class='ocrx_word' id='word_1_33' title='bbox 621 657 711 721; x_wconf 88' lang='lat' dir='ltr'><strong>quam</strong></span> <span class='ocrx_word' id='word_1_34' title='bbox 733 639 793 706; x_wconf 96' lang='lat' dir='ltr'><strong>duo</strong></span> <span class='ocrx_word' id='word_1_35' title='bbox 815 642 1008 721; x_wconf 86' lang='lat' dir='ltr'><strong>reperiuntur</strong></span> <span class='ocrx_word' id='word_1_36' title='bbox 1029 637 1154 733; x_wconf 56' lang='lat' dir='ltr'><strong>otium</strong></span> 
     </span>
    </p>
   </div>
   <div class='ocr_carea' id='block_1_3' title="bbox 40 733 704 998">
    <p class='ocr_par' dir='ltr' id='par_1_3' title="bbox 40 733 704 998">
     <span class='ocr_line' id='line_1_5' title="bbox 40 733 334 822; baseline 0.007 -21"><span class='ocrx_word' id='word_1_37' title='bbox 40 760 101 821; x_wconf 78' lang='grc' dir='ltr'><strong>φος</strong></span> <span class='ocrx_word' id='word_1_38' title='bbox 124 745 157 803; x_wconf 85' lang='lat' dir='ltr'><strong>et</strong></span> <span class='ocrx_word' id='word_1_39' title='bbox 181 733 334 822; x_wconf 75' lang='grc' dir='ltr'><strong><em>ἅργυφος.</em></strong></span> 
     </span>
     <span class='ocr_line' id='line_1_6' title="bbox 500 933 704 998; baseline 0.005 -1"><span class='ocrx_word' id='word_1_40' title='bbox 500 933 607 997; x_wconf 77' lang='lat' dir='ltr'><strong>CAP.</strong></span> <span class='ocrx_word' id='word_1_41' title='bbox 649 933 704 998; x_wconf 92' lang='lat' dir='ltr'><strong>Ill.</strong></span> 
     </span>
    </p>
   </div>
   <div class='ocr_carea' id='block_1_4' title="bbox 431 1073 827 1162">
    <p class='ocr_par' dir='ltr' id='par_1_4' title="bbox 431 1073 827 1162">
     <span class='ocr_line' id='line_1_7' title="bbox 431 1073 827 1162; baseline -0.008 -20"><span class='ocrx_word' id='word_1_42' title='bbox 431 1076 487 1142; x_wconf 86' lang='lat' dir='ltr'><strong>Dc</strong></span> <span class='ocrx_word' id='word_1_43' title='bbox 512 1073 766 1162; x_wconf 79' lang='lat' dir='ltr'><strong>offeettooihue.</strong></span> <span class='ocrx_word' id='word_1_44' title='bbox 824 1129 827 1139; x_wconf 82' lang='grc'>,</span> 
     </span>
    </p>
   </div>
   <div class='ocr_carea' id='block_1_5' title="bbox 10 1233 1158 3314">
    <p class='ocr_par' dir='ltr' id='par_1_5' title="bbox 10 1233 1158 3314">
     <span class='ocr_line' id='line_1_8' title="bbox 123 1233 1155 1325; baseline 0.009 -26"><span class='ocrx_word' id='word_1_45' title='bbox 123 1237 348 1320; x_wconf 79' lang='lat' dir='ltr'><strong>Mutationem,</strong></span> <span class='ocrx_word' id='word_1_46' title='bbox 376 1252 454 1317; x_wconf 86' lang='lat' dir='ltr'><strong>quas</strong></span> <span class='ocrx_word' id='word_1_47' title='bbox 477 1236 700 1300; x_wconf 75' lang='lat' dir='ltr'><strong>terminationis</strong></span> <span class='ocrx_word' id='word_1_48' title='bbox 723 1238 874 1301; x_wconf 86' lang='lat' dir='ltr'><strong>elementa</strong></span> <span class='ocrx_word' id='word_1_49' title='bbox 895 1233 1042 1325; x_wconf 87' lang='lat' dir='ltr'><strong>subeunt,</strong></span> <span class='ocrx_word' id='word_1_50' title='bbox 1072 1245 1155 1325; x_wconf 72' lang='lat' dir='ltr'><strong>ratio</strong></span> 
     </span>
     <span class='ocr_line' id='line_1_9' title="bbox 42 1330 1155 1426; baseline 0.013 -31"><span class='ocrx_word' id='word_1_51' title='bbox 42 1333 119 1398; x_wconf 89' lang='lat' dir='ltr'><strong>hacc</strong></span> <span class='ocrx_word' id='word_1_52' title='bbox 142 1341 219 1416; x_wconf 81' lang='lat' dir='ltr'><strong>est3</strong></span> <span class='ocrx_word' id='word_1_53' title='bbox 241 1337 369 1416; x_wconf 89' lang='lat' dir='ltr'><strong>primum</strong></span> <span class='ocrx_word' id='word_1_54' title='bbox 391 1334 474 1416; x_wconf 89' lang='lat' dir='ltr'><strong>quod</strong></span> <span class='ocrx_word' id='word_1_55' title='bbox 496 1333 535 1398; x_wconf 91' lang='lat' dir='ltr'><strong>ad</strong></span> <span class='ocrx_word' id='word_1_56' title='bbox 555 1334 681 1398; x_wconf 87' lang='lat' dir='ltr'><strong>vocales</strong></span> <span class='ocrx_word' id='word_1_57' title='bbox 697 1333 814 1420; x_wconf 83' lang='lat' dir='ltr'><strong>attinet,</strong></span> <span class='ocrx_word' id='word_1_58' title='bbox 837 1330 1155 1426; x_wconf 64' lang='grc' dir='ltr'><strong>ἀαέλεβοςεοοίρῑοηο</strong></span> 
     </span>
     <span class='ocr_line' id='line_1_10' title="bbox 43 1427 1154 1526; baseline 0.012 -33"><span class='ocrx_word' id='word_1_59' title='bbox 43 1433 220 1498; x_wconf 87' lang='lat' dir='ltr'><strong>invenimus</strong></span> <span class='ocrx_word' id='word_1_60' title='bbox 242 1441 273 1498; x_wconf 87' lang='lat' dir='ltr'><strong>et</strong></span> <span class='ocrx_word' id='word_1_61' title='bbox 293 1427 457 1516; x_wconf 78' lang='grc' dir='ltr'><strong><em>ἀπέλαβος</em></strong></span> <span class='ocrx_word' id='word_1_62' title='bbox 475 1435 507 1498; x_wconf 90' lang='lat' dir='ltr'><strong>iu</strong></span> <span class='ocrx_word' id='word_1_63' title='bbox 526 1433 614 1498; x_wconf 92' lang='lat' dir='ltr'><strong>lihris</strong></span> <span class='ocrx_word' id='word_1_64' title='bbox 634 1433 792 1518; x_wconf 86' lang='lat' dir='ltr'><strong>Herodoti,</strong></span> <span class='ocrx_word' id='word_1_65' title='bbox 815 1436 1021 1518; x_wconf 83' lang='lat' dir='ltr'><strong>Theophrasti</strong></span> <span class='ocrx_word' id='word_1_66' title='bbox 1036 1439 1154 1526; x_wconf 48' lang='lat' dir='ltr'><strong>etAriff</strong></span> 
     </span>
     <span class='ocr_line' id='line_1_11' title="bbox 45 1527 1154 1620; baseline 0.011 -27"><span class='ocrx_word' id='word_1_67' title='bbox 45 1533 182 1616; x_wconf 84' lang='lat' dir='ltr'><strong>sutelis,</strong></span> <span class='ocrx_word' id='word_1_68' title='bbox 207 1534 391 1613; x_wconf 85' lang='lat' dir='ltr'><strong>tertiumque</strong></span> <span class='ocrx_word' id='word_1_69' title='bbox 413 1527 591 1614; x_wconf 76' lang='grc' dir='ltr'><strong><em>ἀοτέλοφος,</em></strong></span> <span class='ocrx_word' id='word_1_70' title='bbox 614 1547 671 1596; x_wconf 87' lang='lat' dir='ltr'><strong>nec</strong></span> <span class='ocrx_word' id='word_1_71' title='bbox 694 1531 828 1597; x_wconf 84' lang='lat' dir='ltr'><strong>discerni</strong></span> <span class='ocrx_word' id='word_1_72' title='bbox 849 1544 954 1615; x_wconf 90' lang='lat' dir='ltr'><strong>potest</strong></span> <span class='ocrx_word' id='word_1_73' title='bbox 977 1535 1049 1620; x_wconf 79' lang='lat' dir='ltr'><strong>lpuid</strong></span> <span class='ocrx_word' id='word_1_74' title='bbox 1070 1533 1154 1604; x_wconf 76' lang='lat' dir='ltr'><strong>veri-⁵</strong></span> 
     </span>
     <span class='ocr_line' id='line_1_12' title="bbox 47 1629 1152 1720; baseline 0.01 -28"><span class='ocrx_word' id='word_1_75' title='bbox 47 1637 92 1694; x_wconf 88' lang='lat' dir='ltr'><strong>tas</strong></span> <span class='ocrx_word' id='word_1_76' title='bbox 121 1632 282 1716; x_wconf 88' lang='lat' dir='ltr'><strong>postulet,</strong></span> <span class='ocrx_word' id='word_1_77' title='bbox 313 1631 423 1696; x_wconf 89' lang='lat' dir='ltr'><strong>nedum</strong></span> <span class='ocrx_word' id='word_1_78' title='bbox 443 1634 474 1696; x_wconf 93' lang='lat' dir='ltr'><strong>in</strong></span> <span class='ocrx_word' id='word_1_79' title='bbox 497 1632 641 1713; x_wconf 91' lang='lat' dir='ltr'><strong>propriis.</strong></span> <span class='ocrx_word' id='word_1_80' title='bbox 685 1629 878 1716; x_wconf 80' lang='grc' dir='ltr'><em>Νεκτάναβις</em></span> <span class='ocrx_word' id='word_1_81' title='bbox 903 1633 1104 1720; x_wconf 78' lang='grc' dir='ltr'><strong><em>Νεκοοοεβώς</em></strong></span> <span class='ocrx_word' id='word_1_82' title='bbox 1124 1659 1152 1704; x_wconf 87' lang='lat' dir='ltr'><strong>v.</strong></span> 
     </span>
     <span class='ocr_line' id='line_1_13' title="bbox 46 1723 1155 1820; baseline 0.008 -28"><span class='ocrx_word' id='word_1_83' title='bbox 46 1729 181 1796; x_wconf 88' lang='lat' dir='ltr'><strong>Wessel.</strong></span> <span class='ocrx_word' id='word_1_84' title='bbox 214 1731 255 1796; x_wconf 94' lang='lat' dir='ltr'><strong>ad</strong></span> <span class='ocrx_word' id='word_1_85' title='bbox 281 1730 370 1795; x_wconf 88' lang='lat' dir='ltr'><strong>Diod.</strong></span> <span class='ocrx_word' id='word_1_86' title='bbox 393 1731 455 1794; x_wconf 90' lang='lat' dir='ltr'><strong>XV.</strong></span> <span class='ocrx_word' id='word_1_87' title='bbox 479 1731 527 1796; x_wconf 82' lang='lat'><strong>92.</strong></span> <span class='ocrx_word' id='word_1_88' title='bbox 545 1723 685 1812; x_wconf 82' lang='grc' dir='ltr'><strong><em>Ἀοοιφᾶς</em></strong></span> <span class='ocrx_word' id='word_1_89' title='bbox 704 1730 808 1795; x_wconf 84' lang='lat' dir='ltr'><strong>XXXI.</strong></span> <span class='ocrx_word' id='word_1_90' title='bbox 830 1733 895 1798; x_wconf 88' lang='lat' dir='ltr'><strong>Ecl.</strong></span> <span class='ocrx_word' id='word_1_91' title='bbox 915 1733 944 1798; x_wconf 89' lang='lat'><strong>3.</strong></span> <span class='ocrx_word' id='word_1_92' title='bbox 967 1740 998 1798; x_wconf 88' lang='lat' dir='ltr'><strong>et</strong></span> <span class='ocrx_word' id='word_1_93' title='bbox 1016 1727 1155 1820; x_wconf 79' lang='grc' dir='ltr'><strong><em>Ὀνόφος</em></strong></span> 
     </span>
     <span class='ocr_line' id='line_1_14' title="bbox 47 1825 1155 1916; baseline 0.01 -27"><span class='ocrx_word' id='word_1_94' title='bbox 47 1826 133 1893; x_wconf 88' lang='lat' dir='ltr'><strong>Phot.</strong></span> <span class='ocrx_word' id='word_1_95' title='bbox 157 1829 236 1894; x_wconf 86' lang='lat' dir='ltr'><strong>Cod.</strong></span> <span class='ocrx_word' id='word_1_96' title='bbox 258 1830 373 1894; x_wconf 84' lang='lat' dir='ltr'><strong>LXXll.</strong></span> <span class='ocrx_word' id='word_1_97' title='bbox 394 1829 443 1895; x_wconf 87' lang='grc'><strong>36.</strong></span> <span class='ocrx_word' id='word_1_98' title='bbox 477 1831 553 1894; x_wconf 83' lang='lat' dir='ltr'><strong>Tum</strong></span> <span class='ocrx_word' id='word_1_99' title='bbox 574 1831 700 1911; x_wconf 89' lang='lat' dir='ltr'><strong>saepius</strong></span> <span class='ocrx_word' id='word_1_100' title='bbox 721 1825 894 1912; x_wconf 80' lang='grc' dir='ltr'><strong><em>μάρσιππος</em></strong></span> <span class='ocrx_word' id='word_1_101' title='bbox 916 1835 982 1898; x_wconf 86' lang='lat' dir='ltr'><strong>sive</strong></span> <span class='ocrx_word' id='word_1_102' title='bbox 1002 1829 1155 1916; x_wconf 78' lang='grc' dir='ltr'><strong><em>μάοοιπος</em></strong></span> 
     </span>
     <span class='ocr_line' id='line_1_15' title="bbox 48 1922 1154 2014; baseline 0.012 -26"><span class='ocrx_word' id='word_1_103' title='bbox 48 1932 76 1988; x_wconf 89' lang='lat' dir='ltr'><strong>et</strong></span> <span class='ocrx_word' id='word_1_104' title='bbox 96 1922 272 2011; x_wconf 78' lang='grc' dir='ltr'><strong><em>μάοουπος,</em></strong></span> <span class='ocrx_word' id='word_1_105' title='bbox 292 1923 417 2010; x_wconf 67' lang='lat' dir='ltr'><strong>pallados</strong></span> <span class='ocrx_word' id='word_1_106' title='bbox 438 1937 468 1992; x_wconf 90' lang='lat' dir='ltr'><strong>et</strong></span> <span class='ocrx_word' id='word_1_107' title='bbox 488 1926 632 2012; x_wconf 81' lang='grc' dir='ltr'><strong><em>μόλυβος,</em></strong></span> <span class='ocrx_word' id='word_1_108' title='bbox 655 1929 704 1992; x_wconf 91' lang='lat' dir='ltr'><strong>cui</strong></span> <span class='ocrx_word' id='word_1_109' title='bbox 724 1930 878 2014; x_wconf 83' lang='lat' dir='ltr'><strong>vocalem,</strong></span> <span class='ocrx_word' id='word_1_110' title='bbox 899 1949 978 2012; x_wconf 83' lang='lat' dir='ltr'><strong>quae</strong></span> <span class='ocrx_word' id='word_1_111' title='bbox 999 1931 1154 2012; x_wconf 79' lang='lat' dir='ltr'><strong>hispllaho</strong></span> 
     </span>
     <span class='ocr_line' id='line_1_16' title="bbox 49 2024 1154 2117; baseline 0.01 -31"><span class='ocrx_word' id='word_1_112' title='bbox 49 2024 207 2102; x_wconf 87' lang='lat' dir='ltr'><strong>plumbum</strong></span> <span class='ocrx_word' id='word_1_113' title='bbox 232 2026 331 2110; x_wconf 90' lang='lat' dir='ltr'><strong>deest,</strong></span> <span class='ocrx_word' id='word_1_114' title='bbox 351 2044 414 2092; x_wconf 92' lang='lat' dir='ltr'><strong>non</strong></span> <span class='ocrx_word' id='word_1_115' title='bbox 435 2030 569 2093; x_wconf 85' lang='lat' dir='ltr'><strong>nativam</strong></span> <span class='ocrx_word' id='word_1_116' title='bbox 592 2045 663 2092; x_wconf 91' lang='lat' dir='ltr'><strong>esse</strong></span> <span class='ocrx_word' id='word_1_117' title='bbox 685 2027 925 2092; x_wconf 72' lang='lat' dir='ltr'><strong>sed&#39;insiticiam</strong></span> <span class='ocrx_word' id='word_1_118' title='bbox 947 2037 980 2093; x_wconf 90' lang='lat' dir='ltr'><strong>ut</strong></span> <span class='ocrx_word' id='word_1_119' title='bbox 1000 2032 1032 2094; x_wconf 89' lang='lat' dir='ltr'><strong>iu</strong></span> <span class='ocrx_word' id='word_1_120' title='bbox 1054 2027 1154 2117; x_wconf 75' lang='grc' dir='ltr'><strong><em>στέρι-</em></strong></span> 
     </span>
     <span class='ocr_line' id='line_1_17' title="bbox 50 2121 1155 2209; baseline 0.013 -25"><span class='ocrx_word' id='word_1_121' title='bbox 50 2143 108 2203; x_wconf 81' lang='grc' dir='ltr'><strong>φος</strong></span> <span class='ocrx_word' id='word_1_122' title='bbox 130 2133 162 2189; x_wconf 86' lang='lat' dir='ltr'><strong>et</strong></span> <span class='ocrx_word' id='word_1_123' title='bbox 186 2121 355 2208; x_wconf 83' lang='grc' dir='ltr'><strong><em>οκάριφος,</em></strong></span> <span class='ocrx_word' id='word_1_124' title='bbox 385 2128 445 2191; x_wconf 88' lang='lat' dir='ltr'><strong>alio</strong></span> <span class='ocrx_word' id='word_1_125' title='bbox 467 2128 538 2191; x_wconf 93' lang='lat' dir='ltr'><strong>loco</strong></span> <span class='ocrx_word' id='word_1_126' title='bbox 562 2128 692 2209; x_wconf 83' lang='lat' dir='ltr'><strong>exposui</strong></span> <span class='ocrx_word' id='word_1_127' title='bbox 714 2126 823 2191; x_wconf 89' lang='lat' dir='ltr'><strong>Parall.</strong></span> <span class='ocrx_word' id='word_1_128' title='bbox 844 2125 894 2192; x_wconf 82' lang='lat'><strong>95.</strong></span> <span class='ocrx_word' id='word_1_129' title='bbox 930 2127 1053 2194; x_wconf 83' lang='lat' dir='ltr'><strong>Flavius</strong></span> <span class='ocrx_word' id='word_1_130' title='bbox 1074 2129 1155 2199; x_wconf 87' lang='lat' dir='ltr'><strong>idem</strong></span> 
     </span>
     <span class='ocr_line' id='line_1_18' title="bbox 52 2217 1154 2312; baseline 0.013 -28"><span class='ocrx_word' id='word_1_131' title='bbox 52 2223 142 2288; x_wconf 93' lang='lat' dir='ltr'><strong>modo</strong></span> <span class='ocrx_word' id='word_1_132' title='bbox 170 2221 301 2307; x_wconf 67' lang='grc' dir='ltr'><strong><em>Ἄραβος</em></strong></span> <span class='ocrx_word' id='word_1_133' title='bbox 336 2234 467 2291; x_wconf 84' lang='lat' dir='ltr'><strong>vocatur</strong></span> <span class='ocrx_word' id='word_1_134' title='bbox 499 2224 591 2290; x_wconf 93' lang='lat' dir='ltr'><strong>modo</strong></span> <span class='ocrx_word' id='word_1_135' title='bbox 614 2220 719 2307; x_wconf 80' lang='grc' dir='ltr'><strong><em>Ἅοβις</em></strong></span> <span class='ocrx_word' id='word_1_136' title='bbox 753 2232 783 2290; x_wconf 89' lang='lat' dir='ltr'><strong>et</strong></span> <span class='ocrx_word' id='word_1_137' title='bbox 806 2217 948 2309; x_wconf 78' lang='grc' dir='ltr'><strong><em>Ἀράβιος</em></strong></span> <span class='ocrx_word' id='word_1_138' title='bbox 975 2245 1098 2312; x_wconf 87' lang='lat' dir='ltr'><strong>quoque</strong></span> <span class='ocrx_word' id='word_1_139' title='bbox 1126 2251 1154 2298; x_wconf 86' lang='lat' dir='ltr'><strong>v.</strong></span> 
     </span>
     <span class='ocr_line' id='line_1_19' title="bbox 51 2320 1156 2409; baseline 0.012 -26"><span class='ocrx_word' id='word_1_140' title='bbox 51 2320 204 2390; x_wconf 88' lang='lat' dir='ltr'><strong>lluetzcll.</strong></span> <span class='ocrx_word' id='word_1_141' title='bbox 226 2325 266 2390; x_wconf 90' lang='lat' dir='ltr'><strong>ad</strong></span> <span class='ocrx_word' id='word_1_142' title='bbox 288 2326 370 2390; x_wconf 89' lang='lat' dir='ltr'><strong>Curt.</strong></span> <span class='ocrx_word' id='word_1_143' title='bbox 394 2326 427 2390; x_wconf 85' lang='grc' dir='ltr'><strong>Τ.</strong></span> <span class='ocrx_word' id='word_1_144' title='bbox 448 2325 483 2390; x_wconf 95' lang='lat' dir='ltr'><strong>ll.</strong></span> <span class='ocrx_word' id='word_1_145' title='bbox 503 2325 573 2390; x_wconf 78' lang='grc'>874.</span> <span class='ocrx_word' id='word_1_146' title='bbox 607 2325 733 2390; x_wconf 87' lang='lat' dir='ltr'><strong>Vocalis</strong></span> <span class='ocrx_word' id='word_1_147' title='bbox 755 2332 917 2406; x_wconf 88' lang='lat' dir='ltr'><strong>correptae</strong></span> <span class='ocrx_word' id='word_1_148' title='bbox 940 2329 1078 2409; x_wconf 90' lang='lat' dir='ltr'><strong>suspicio</strong></span> <span class='ocrx_word' id='word_1_149' title='bbox 1101 2333 1156 2396; x_wconf 89' lang='lat' dir='ltr'><strong>luit</strong></span> 
     </span>
     <span class='ocr_line' id='line_1_20' title="bbox 52 2421 1155 2510; baseline 0.009 -26"><span class='ocrx_word' id='word_1_150' title='bbox 52 2421 131 2500; x_wconf 87' lang='lat' dir='ltr'><strong>apud</strong></span> <span class='ocrx_word' id='word_1_151' title='bbox 152 2431 279 2489; x_wconf 79' lang='lat' dir='ltr'><strong>veteres</strong></span> <span class='ocrx_word' id='word_1_152' title='bbox 302 2426 438 2508; x_wconf 91' lang='lat' dir='ltr'><strong>criticos,</strong></span> <span class='ocrx_word' id='word_1_153' title='bbox 461 2425 513 2507; x_wconf 87' lang='lat' dir='ltr'><strong>qui</strong></span> <span class='ocrx_word' id='word_1_154' title='bbox 532 2426 563 2488; x_wconf 92' lang='lat' dir='ltr'><strong>in</strong></span> <span class='ocrx_word' id='word_1_155' title='bbox 584 2423 650 2488; x_wconf 87' lang='lat' dir='ltr'><strong>Nic.</strong></span> <span class='ocrx_word' id='word_1_156' title='bbox 669 2424 722 2488; x_wconf 83' lang='lat' dir='ltr'><strong>Th.</strong></span> <span class='ocrx_word' id='word_1_157' title='bbox 737 2423 805 2488; x_wconf 84' lang='grc'><strong>614.</strong></span> <span class='ocrx_word' id='word_1_158' title='bbox 827 2425 981 2506; x_wconf 83' lang='lat' dir='ltr'><strong>Apollinis</strong></span> <span class='ocrx_word' id='word_1_159' title='bbox 997 2428 1155 2510; x_wconf 89' lang='lat' dir='ltr'><strong>epitheton</strong></span> 
     </span>
     <span class='ocr_line' id='line_1_21' title="bbox 55 2517 1155 2605; baseline 0.013 -26"><span class='ocrx_word' id='word_1_160' title='bbox 55 2519 236 2599; x_wconf 77' lang='grc' dir='ltr'><strong><em>Κοοοποιῖος</em></strong></span> <span class='ocrx_word' id='word_1_161' title='bbox 265 2531 450 2605; x_wconf 86' lang='lat' dir='ltr'><strong>acceperunt</strong></span> <span class='ocrx_word' id='word_1_162' title='bbox 479 2541 536 2605; x_wconf 92' lang='lat' dir='ltr'><strong>pro</strong></span> <span class='ocrx_word' id='word_1_163' title='bbox 560 2517 753 2603; x_wconf 78' lang='grc' dir='ltr'><strong><em>Ώροοαῖος,</em></strong></span> <span class='ocrx_word' id='word_1_164' title='bbox 787 2522 842 2587; x_wconf 87' lang='lat' dir='ltr'><strong>sed</strong></span> <span class='ocrx_word' id='word_1_165' title='bbox 871 2527 1051 2605; x_wconf 90' lang='lat' dir='ltr'><strong>conjectura</strong></span> <span class='ocrx_word' id='word_1_166' title='bbox 1077 2528 1155 2594; x_wconf 88' lang='lat' dir='ltr'><strong>haec</strong></span> 
     </span>
     <span class='ocr_line' id='line_1_22' title="bbox 55 2615 1155 2707; baseline 0.013 -28"><span class='ocrx_word' id='word_1_167' title='bbox 55 2619 200 2687; x_wconf 83' lang='lat' dir='ltr'><strong>audacior</strong></span> <span class='ocrx_word' id='word_1_168' title='bbox 230 2629 288 2686; x_wconf 89' lang='lat' dir='ltr'><strong>est.</strong></span> <span class='ocrx_word' id='word_1_169' title='bbox 335 2622 443 2704; x_wconf 89' lang='lat' dir='ltr'><strong>Neque</strong></span> <span class='ocrx_word' id='word_1_170' title='bbox 468 2616 588 2704; x_wconf 81' lang='grc' dir='ltr'><strong><em>Ἀλώπη</em></strong></span> <span class='ocrx_word' id='word_1_171' title='bbox 615 2622 725 2702; x_wconf 79' lang='lat' dir='ltr'><strong>legitur</strong></span> <span class='ocrx_word' id='word_1_172' title='bbox 746 2638 803 2703; x_wconf 93' lang='lat' dir='ltr'><strong>pro</strong></span> <span class='ocrx_word' id='word_1_173' title='bbox 822 2615 934 2707; x_wconf 77' lang='grc' dir='ltr'><strong><em>Ἀλόοη</em></strong></span> <span class='ocrx_word' id='word_1_174' title='bbox 961 2625 1021 2688; x_wconf 89' lang='lat' dir='ltr'><strong>nisi</strong></span> <span class='ocrx_word' id='word_1_175' title='bbox 1049 2643 1155 2694; x_wconf 89' lang='lat' dir='ltr'><strong>errore</strong></span> 
     </span>
     <span class='ocr_line' id='line_1_23' title="bbox 53 2713 1156 2810; baseline 0.015 -35"><span class='ocrx_word' id='word_1_176' title='bbox 53 2713 256 2786; x_wconf 87' lang='lat' dir='ltr'><strong>librariorum.</strong></span> <span class='ocrx_word' id='word_1_177' title='bbox 297 2721 513 2786; x_wconf 90' lang='lat' dir='ltr'><strong>Productionis</strong></span> <span class='ocrx_word' id='word_1_178' title='bbox 535 2721 671 2802; x_wconf 92' lang='lat' dir='ltr'><strong>speciem</strong></span> <span class='ocrx_word' id='word_1_179' title='bbox 692 2721 821 2802; x_wconf 83' lang='lat' dir='ltr'><strong>praehet</strong></span> <span class='ocrx_word' id='word_1_180' title='bbox 841 2723 967 2787; x_wconf 87' lang='lat' dir='ltr'><strong>verbum</strong></span> <span class='ocrx_word' id='word_1_181' title='bbox 987 2719 1156 2810; x_wconf 73' lang='grc' dir='ltr'><strong><em>ἐγκοληβά-</em></strong></span> 
     </span>
     <span class='ocr_line' id='line_1_24' title="bbox 57 2814 1156 2903; baseline 0.012 -24"><span class='ocrx_word' id='word_1_182' title='bbox 57 2814 112 2889; x_wconf 81' lang='grc' dir='ltr'><strong><em>ζειν</em></strong></span> <span class='ocrx_word' id='word_1_183' title='bbox 139 2821 168 2883; x_wconf 93' lang='lat' dir='ltr'><strong>si</strong></span> <span class='ocrx_word' id='word_1_184' title='bbox 190 2837 209 2882; x_wconf 89' lang='lat' dir='ltr'><strong>a</strong></span> <span class='ocrx_word' id='word_1_185' title='bbox 230 2814 380 2903; x_wconf 78' lang='grc' dir='ltr'><strong><em>κόλλαβος</em></strong></span> <span class='ocrx_word' id='word_1_186' title='bbox 401 2821 569 2885; x_wconf 88' lang='lat' dir='ltr'><strong>derivatum</strong></span> <span class='ocrx_word' id='word_1_187' title='bbox 589 2820 669 2884; x_wconf 86' lang='lat' dir='ltr'><strong>est.¹</strong></span> <span class='ocrx_word' id='word_1_188' title='bbox 704 2819 793 2884; x_wconf 78' lang='lat' dir='ltr'><strong>Aliae</strong></span> <span class='ocrx_word' id='word_1_189' title='bbox 813 2821 941 2886; x_wconf 84' lang='lat' dir='ltr'><strong>vocales</strong></span> <span class='ocrx_word' id='word_1_190' title='bbox 963 2829 1015 2886; x_wconf 91' lang='lat' dir='ltr'><strong>aut</strong></span> <span class='ocrx_word' id='word_1_191' title='bbox 1036 2824 1156 2892; x_wconf 90' lang='lat' dir='ltr'><strong>addun-</strong></span> 
     </span>
     <span class='ocr_line' id='line_1_25' title="bbox 57 2914 1156 3004; baseline 0.015 -31"><span class='ocrx_word' id='word_1_192' title='bbox 57 2918 102 2976; x_wconf 88' lang='lat' dir='ltr'><strong>tur</strong></span> <span class='ocrx_word' id='word_1_193' title='bbox 121 2925 174 2981; x_wconf 86' lang='lat' dir='ltr'><strong>aul</strong></span> <span class='ocrx_word' id='word_1_194' title='bbox 190 2918 352 2983; x_wconf 84' lang='lat' dir='ltr'><strong>demuntur</strong></span> <span class='ocrx_word' id='word_1_195' title='bbox 367 2916 487 3003; x_wconf 79' lang='grc' dir='ltr'><strong><em>κάρφος</em></strong></span> <span class='ocrx_word' id='word_1_196' title='bbox 501 2917 663 3002; x_wconf 65' lang='lat' dir='ltr'><strong>andooccos,</strong></span> <span class='ocrx_word' id='word_1_197' title='bbox 685 2919 778 3002; x_wconf 81' lang='grc' dir='ltr'><strong><em>οἴσπη</em></strong></span> <span class='ocrx_word' id='word_1_198' title='bbox 790 2914 913 3002; x_wconf 70' lang='lat' dir='ltr'><strong>odorico,</strong></span> <span class='ocrx_word' id='word_1_199' title='bbox 936 2916 1066 3004; x_wconf 78' lang='grc' dir='ltr'><strong><em>Κύρβας</em></strong></span> <span class='ocrx_word' id='word_1_200' title='bbox 1086 2928 1156 2992; x_wconf 90' lang='lat' dir='ltr'><strong>Ko-</strong></span> 
     </span>
     <span class='ocr_line' id='line_1_26' title="bbox 58 3008 1157 3108; baseline 0.009 -28"><span class='ocrx_word' id='word_1_201' title='bbox 58 3008 177 3095; x_wconf 76' lang='grc' dir='ltr'><strong>ούβοις,2</strong></span> <span class='ocrx_word' id='word_1_202' title='bbox 197 3012 302 3100; x_wconf 63' lang='lat' dir='ltr'><strong>coppo}</strong></span> <span class='ocrx_word' id='word_1_203' title='bbox 324 3019 404 3102; x_wconf 87' lang='lat' dir='ltr'><strong>apud</strong></span> <span class='ocrx_word' id='word_1_204' title='bbox 424 3021 472 3084; x_wconf 88' lang='lat' dir='ltr'><strong>uu</strong></span> <span class='ocrx_word' id='word_1_205' title='bbox 485 3021 631 3100; x_wconf 79' lang='lat' dir='ltr'><strong>Congium</strong></span> <span class='ocrx_word' id='word_1_206' title='bbox 651 3036 709 3101; x_wconf 94' lang='lat' dir='ltr'><strong>pro</strong></span> <span class='ocrx_word' id='word_1_207' title='bbox 728 3014 861 3100; x_wconf 78' lang='grc' dir='ltr'><strong><em>κορυφή,</em></strong></span> <span class='ocrx_word' id='word_1_208' title='bbox 881 3013 1002 3103; x_wconf 81' lang='grc' dir='ltr'><strong><em>Θόρβος</em></strong></span> <span class='ocrx_word' id='word_1_209' title='bbox 1014 3019 1086 3108; x_wconf 65' lang='lat' dir='ltr'><strong>§clep</strong></span> <span class='ocrx_word' id='word_1_210' title='bbox 1099 3049 1157 3089; x_wconf 81' lang='grc' dir='ltr'><strong><em>τοι·</em></strong></span> 
     </span>
     <span class='ocr_line' id='line_1_27' title="bbox 58 3110 1155 3202; baseline 0.013 -26"><span class='ocrx_word' id='word_1_211' title='bbox 58 3110 130 3198; x_wconf 65' lang='lat' dir='ltr'><strong>capri</strong></span> <span class='ocrx_word' id='word_1_212' title='bbox 145 3118 219 3181; x_wconf 85' lang='lat' dir='ltr'><strong>lies.</strong></span> <span class='ocrx_word' id='word_1_213' title='bbox 232 3118 284 3180; x_wconf 89' lang='lat' dir='ltr'><strong>nhi</strong></span> <span class='ocrx_word' id='word_1_214' title='bbox 292 3115 426 3182; x_wconf 89' lang='lat' dir='ltr'><strong>Vossius</strong></span> <span class='ocrx_word' id='word_1_215' title='bbox 438 3126 539 3183; x_wconf 88' lang='lat' dir='ltr'><strong>tamen</strong></span> <span class='ocrx_word' id='word_1_216' title='bbox 554 3119 757 3183; x_wconf 86' lang='lat' dir='ltr'><strong>obliterarum</strong></span> <span class='ocrx_word' id='word_1_217' title='bbox 771 3118 882 3181; x_wconf 86' lang='lat' dir='ltr'><strong>seriem</strong></span> <span class='ocrx_word' id='word_1_218' title='bbox 889 3113 1028 3202; x_wconf 76' lang='grc' dir='ltr'><strong><em>θόρυβος</em></strong></span> <span class='ocrx_word' id='word_1_219' title='bbox 1038 3125 1155 3192; x_wconf 88' lang='lat' dir='ltr'><strong>scribit.</strong></span> 
     </span>
     <span class='ocr_line' id='line_1_28' title="bbox 10 3210 1158 3314; baseline 0.015 -42"><span class='ocrx_word' id='word_1_220' title='bbox 10 3299 14 3314; x_wconf 40' lang='grc' dir='ltr'>Ι</span> <span class='ocrx_word' id='word_1_221' title='bbox 58 3210 149 3280; x_wconf 90' lang='lat' dir='ltr'><strong>llulto</strong></span> <span class='ocrx_word' id='word_1_222' title='bbox 181 3222 283 3280; x_wconf 88' lang='lat' dir='ltr'><strong>autem</strong></span> <span class='ocrx_word' id='word_1_223' title='bbox 312 3219 437 3297; x_wconf 87' lang='lat' dir='ltr'><strong>saepius</strong></span> <span class='ocrx_word' id='word_1_224' title='bbox 460 3219 564 3283; x_wconf 84' lang='lat' dir='ltr'><strong>vocali</strong></span> <span class='ocrx_word' id='word_1_225' title='bbox 591 3217 796 3300; x_wconf 88' lang='lat' dir='ltr'><strong>paralecticae</strong></span> <span class='ocrx_word' id='word_1_226' title='bbox 824 3216 928 3282; x_wconf 88' lang='lat' dir='ltr'><strong>addita</strong></span> <span class='ocrx_word' id='word_1_227' title='bbox 948 3226 998 3284; x_wconf 88' lang='lat' dir='ltr'><strong>cst</strong></span> <span class='ocrx_word' id='word_1_228' title='bbox 1017 3237 1158 3290; x_wconf 91' lang='lat' dir='ltr'><strong>consona</strong></span> 
     </span>
    </p>
   </div>
   <div class='ocr_carea' id='block_1_6' title="bbox 59 3355 349 3376">
    <p class='ocr_par' dir='ltr' id='par_1_6' title="bbox 59 3355 349 3376">
     <span class='ocr_line' id='line_1_29' title="bbox 59 3355 349 3376; baseline 0.007 -2"><span class='ocrx_word' id='word_1_229' title='bbox 59 3355 349 3376; x_wconf 40' lang='lat' dir='ltr'>w</span> 
     </span>
    </p>
   </div>
   <div class='ocr_carea' id='block_1_7' title="bbox 62 3437 1159 4199">
    <p class='ocr_par' dir='ltr' id='par_1_7' title="bbox 62 3437 1159 3924">
     <span class='ocr_line' id='line_1_30' title="bbox 124 3437 1156 3511; baseline 0.002 -16"><span class='ocrx_word' id='word_1_230' title='bbox 124 3439 151 3508; x_wconf 84' lang='grc'><strong>1)</strong></span> <span class='ocrx_word' id='word_1_231' title='bbox 169 3440 317 3508; x_wconf 79' lang='lat' dir='ltr'><strong>Hesychius</strong></span> <span class='ocrx_word' id='word_1_232' title='bbox 331 3440 526 3510; x_wconf 77' lang='grc' dir='ltr'><strong><em>Ἐνεκολοὲβησε</em></strong></span> <span class='ocrx_word' id='word_1_233' title='bbox 541 3441 670 3494; x_wconf 79' lang='grc' dir='ltr'><strong>κατέπιεν</strong></span> <span class='ocrx_word' id='word_1_234' title='bbox 686 3437 700 3504; x_wconf 83' lang='grc' dir='ltr'>ἢ</span> <span class='ocrx_word' id='word_1_235' title='bbox 721 3437 860 3510; x_wconf 76' lang='grc' dir='ltr'><strong><em>ἕπίρανεν·</em></strong></span> <span class='ocrx_word' id='word_1_236' title='bbox 879 3439 906 3490; x_wconf 84' lang='lat' dir='ltr'><strong>oi</strong></span> <span class='ocrx_word' id='word_1_237' title='bbox 923 3438 953 3492; x_wconf 78' lang='grc' dir='ltr'><strong>δὲ</strong></span> <span class='ocrx_word' id='word_1_238' title='bbox 968 3438 1156 3511; x_wconf 75' lang='grc' dir='ltr'><strong><em>ἐνεκολήβασε,</em></strong></span> 
     </span>
     <span class='ocr_line' id='line_1_31' title="bbox 62 3521 1157 3595; baseline 0.009 -23"><span class='ocrx_word' id='word_1_239' title='bbox 62 3521 126 3586; x_wconf 84' lang='lat' dir='ltr'><strong>quod</strong></span> <span class='ocrx_word' id='word_1_240' title='bbox 143 3538 212 3578; x_wconf 88' lang='lat' dir='ltr'><strong>nunc</strong></span> <span class='ocrx_word' id='word_1_241' title='bbox 235 3532 370 3595; x_wconf 85' lang='lat' dir='ltr'><strong>receptum</strong></span> <span class='ocrx_word' id='word_1_242' title='bbox 395 3530 436 3582; x_wconf 89' lang='lat' dir='ltr'><strong>est</strong></span> <span class='ocrx_word' id='word_1_243' title='bbox 457 3525 536 3580; x_wconf 84' lang='lat' dir='ltr'><strong>Arist.</strong></span> <span class='ocrx_word' id='word_1_244' title='bbox 563 3524 631 3593; x_wconf 85' lang='lat' dir='ltr'><strong>qu.</strong></span> <span class='ocrx_word' id='word_1_245' title='bbox 655 3524 714 3580; x_wconf 61' lang='lat'><strong>263.</strong></span> <span class='ocrx_word' id='word_1_246' title='bbox 740 3537 790 3579; x_wconf 90' lang='lat' dir='ltr'><strong>nec</strong></span> <span class='ocrx_word' id='word_1_247' title='bbox 814 3529 900 3578; x_wconf 84' lang='lat' dir='ltr'><strong>tamen</strong></span> <span class='ocrx_word' id='word_1_248' title='bbox 927 3528 1047 3581; x_wconf 77' lang='lat' dir='ltr'><strong>convenit</strong></span> <span class='ocrx_word' id='word_1_249' title='bbox 1070 3527 1157 3583; x_wconf 86' lang='lat' dir='ltr'><strong>verhis</strong></span> 
     </span>
     <span class='ocr_line' id='line_1_32' title="bbox 62 3603 1155 3678; baseline 0.005 -22"><span class='ocrx_word' id='word_1_250' title='bbox 62 3603 221 3668; x_wconf 76' lang='lat' dir='ltr'><strong>palaestricis</strong></span> <span class='ocrx_word' id='word_1_251' title='bbox 240 3621 308 3676; x_wconf 81' lang='lat' dir='ltr'><strong>quae</strong></span> <span class='ocrx_word' id='word_1_252' title='bbox 325 3609 499 3664; x_wconf 70' lang='lat' dir='ltr'><strong>antecedunt:</strong></span> <span class='ocrx_word' id='word_1_253' title='bbox 517 3609 668 3678; x_wconf 75' lang='grc' dir='ltr'><strong>ἄνθρωπον</strong></span> <span class='ocrx_word' id='word_1_254' title='bbox 685 3606 852 3677; x_wconf 78' lang='grc' dir='ltr'><strong><em>ἀπράγμονα</em></strong></span> <span class='ocrx_word' id='word_1_255' title='bbox 865 3605 1012 3676; x_wconf 77' lang='grc' dir='ltr'><strong><em>ἧγκύρισας</em></strong></span> <span class='ocrx_word' id='word_1_256' title='bbox 1028 3607 1074 3661; x_wconf 68' lang='grc' dir='ltr'><strong>εἶθ</strong></span> <span class='ocrx_word' id='word_1_257' title='bbox 1090 3609 1155 3663; x_wconf 77' lang='grc' dir='ltr'><strong><em>ἄπο-</em></strong></span> 
     </span>
     <span class='ocr_line' id='line_1_33' title="bbox 63 3684 1158 3761; baseline 0.001 -19"><span class='ocrx_word' id='word_1_258' title='bbox 63 3692 178 3756; x_wconf 66' lang='lat' dir='ltr'><strong>utpium·</strong></span> <span class='ocrx_word' id='word_1_259' title='bbox 200 3691 249 3745; x_wconf 81' lang='grc' dir='ltr'><strong>τὸν</strong></span> <span class='ocrx_word' id='word_1_260' title='bbox 265 3684 342 3761; x_wconf 83' lang='grc' dir='ltr'><strong><em>ὦμον</em></strong></span> <span class='ocrx_word' id='word_1_261' title='bbox 354 3691 438 3744; x_wconf 80' lang='grc' dir='ltr'><strong><em>αὐτὸν</em></strong></span> <span class='ocrx_word' id='word_1_262' title='bbox 453 3691 658 3760; x_wconf 77' lang='grc' dir='ltr'><strong><em>ἐνεκολήβασας.</em></strong></span> <span class='ocrx_word' id='word_1_263' title='bbox 693 3691 786 3760; x_wconf 81' lang='lat' dir='ltr'><strong>Aptius</strong></span> <span class='ocrx_word' id='word_1_264' title='bbox 813 3691 880 3747; x_wconf 81' lang='lat' dir='ltr'><strong>toret</strong></span> <span class='ocrx_word' id='word_1_265' title='bbox 903 3689 1010 3746; x_wconf 79' lang='lat' dir='ltr'><strong>verbum</strong></span> <span class='ocrx_word' id='word_1_266' title='bbox 1028 3706 1044 3746; x_wconf 81' lang='lat' dir='ltr'><strong>e</strong></span> <span class='ocrx_word' id='word_1_267' title='bbox 1062 3691 1158 3759; x_wconf 72' lang='grc' dir='ltr'><strong><em>κώληψ</em></strong></span> 
     </span>
     <span class='ocr_line' id='line_1_34' title="bbox 65 3769 1159 3860; baseline 0.006 -37"><span class='ocrx_word' id='word_1_268' title='bbox 65 3769 171 3860; x_wconf 79' lang='lat' dir='ltr'><strong>ductum,</strong></span> <span class='ocrx_word' id='word_1_269' title='bbox 190 3781 219 3831; x_wconf 89' lang='lat' dir='ltr'><strong>ut</strong></span> <span class='ocrx_word' id='word_1_270' title='bbox 237 3783 345 3846; x_wconf 85' lang='lat' dir='ltr'><strong>apparet</strong></span> <span class='ocrx_word' id='word_1_271' title='bbox 368 3791 402 3832; x_wconf 82' lang='lat' dir='ltr'><strong>ex</strong></span> <span class='ocrx_word' id='word_1_272' title='bbox 425 3777 559 3832; x_wconf 89' lang='lat' dir='ltr'><strong>homerico</strong></span> <span class='ocrx_word' id='word_1_273' title='bbox 586 3773 651 3842; x_wconf 82' lang='grc' dir='ltr'><strong><em>κόψ’</em></strong></span> <span class='ocrx_word' id='word_1_274' title='bbox 677 3775 776 3828; x_wconf 69' lang='grc' dir='ltr'>ὄπιθεν</span> <span class='ocrx_word' id='word_1_275' title='bbox 799 3773 910 3840; x_wconf 75' lang='grc' dir='ltr'><strong><em>κώληπα</em></strong></span> <span class='ocrx_word' id='word_1_276' title='bbox 932 3775 1023 3844; x_wconf 80' lang='grc' dir='ltr'><em>τυχών</em></span> <span class='ocrx_word' id='word_1_277' title='bbox 1044 3773 1159 3830; x_wconf 68' lang='grc' dir='ltr'><strong><em>ὑπέλυσε</em></strong></span> 
     </span>
     <span class='ocr_line' id='line_1_35' title="bbox 65 3851 183 3924; baseline 0.059 -20"><span class='ocrx_word' id='word_1_278' title='bbox 65 3851 92 3904; x_wconf 78' lang='grc' dir='ltr'><strong>δὲ</strong></span> <span class='ocrx_word' id='word_1_279' title='bbox 109 3864 183 3924; x_wconf 78' lang='grc' dir='ltr'><strong><em>γυῖα.</em></strong></span> 
     </span>
    </p>

    <p class='ocr_par' dir='ltr' id='par_1_8' title="bbox 66 3956 1158 4199">
     <span class='ocr_line' id='line_1_36' title="bbox 127 3956 1158 4030; baseline 0 -16"><span class='ocrx_word' id='word_1_280' title='bbox 127 3957 155 4024; x_wconf 80' lang='grc'><strong>2)</strong></span> <span class='ocrx_word' id='word_1_281' title='bbox 173 3958 321 4028; x_wconf 81' lang='lat' dir='ltr'><strong>Stephanus</strong></span> <span class='ocrx_word' id='word_1_282' title='bbox 334 3957 494 4030; x_wconf 79' lang='grc' dir='ltr'><strong><em>Ἶεραπύτνα</em></strong></span> <span class='ocrx_word' id='word_1_283' title='bbox 512 3957 526 4024; x_wconf 76' lang='grc' dir='ltr'><em>ἢ</em></span> <span class='ocrx_word' id='word_1_284' title='bbox 544 3956 678 4029; x_wconf 82' lang='grc' dir='ltr'><strong><em>πρότερον</em></strong></span> <span class='ocrx_word' id='word_1_285' title='bbox 694 3956 789 4028; x_wconf 78' lang='grc' dir='ltr'><strong><em>Κύρβα</em></strong></span> <span class='ocrx_word' id='word_1_286' title='bbox 809 3956 912 4026; x_wconf 74' lang='lat' dir='ltr'><strong>(omiss,</strong></span> <span class='ocrx_word' id='word_1_287' title='bbox 937 3959 964 4011; x_wconf 88' lang='lat' dir='ltr'><strong>iu</strong></span> <span class='ocrx_word' id='word_1_288' title='bbox 981 3958 1041 4025; x_wconf 84' lang='lat' dir='ltr'><strong>Th.)</strong></span> <span class='ocrx_word' id='word_1_289' title='bbox 1066 3958 1158 4014; x_wconf 77' lang='lat' dir='ltr'><strong>Strabo</strong></span> 
     </span>
     <span class='ocr_line' id='line_1_37' title="bbox 66 4031 1158 4114; baseline 0.004 -20"><span class='ocrx_word' id='word_1_290' title='bbox 66 4034 93 4090; x_wconf 84' lang='grc' dir='ltr'><strong>Χ.</strong></span> <span class='ocrx_word' id='word_1_291' title='bbox 110 4043 166 4100; x_wconf 81' lang='grc'><strong>472.</strong></span> <span class='ocrx_word' id='word_1_292' title='bbox 184 4044 231 4109; x_wconf 77' lang='grc' dir='ltr'><strong>τῆς</strong></span> <span class='ocrx_word' id='word_1_293' title='bbox 243 4042 315 4108; x_wconf 76' lang='grc' dir='ltr'><strong>Ἴδης</strong></span> <span class='ocrx_word' id='word_1_294' title='bbox 330 4041 417 4112; x_wconf 79' lang='grc' dir='ltr'><strong><em>λόφος</em></strong></span> <span class='ocrx_word' id='word_1_295' title='bbox 434 4041 526 4096; x_wconf 66' lang='lat' dir='ltr'><strong>nerva</strong></span> <span class='ocrx_word' id='word_1_296' title='bbox 544 4042 593 4112; x_wconf 75' lang='grc' dir='ltr'><strong>ἀφ’</strong></span> <span class='ocrx_word' id='word_1_297' title='bbox 612 4031 644 4096; x_wconf 80' lang='lat' dir='ltr'><strong>ori</strong></span> <span class='ocrx_word' id='word_1_298' title='bbox 658 4041 730 4114; x_wconf 78' lang='grc' dir='ltr'><em>Ἱερὰ</em></span> <span class='ocrx_word' id='word_1_299' title='bbox 746 4040 838 4095; x_wconf 70' lang='lat' dir='ltr'><strong>merua</strong></span> <span class='ocrx_word' id='word_1_300' title='bbox 852 4040 965 4107; x_wconf 75' lang='grc' dir='ltr'><strong><em>ἡπόλις,</em></strong></span> <span class='ocrx_word' id='word_1_301' title='bbox 987 4057 1020 4101; x_wconf 84' lang='lat' dir='ltr'><strong>ex</strong></span> <span class='ocrx_word' id='word_1_302' title='bbox 1034 4056 1086 4112; x_wconf 85' lang='lat' dir='ltr'><strong>que</strong></span> <span class='ocrx_word' id='word_1_303' title='bbox 1098 4045 1158 4098; x_wconf 86' lang='lat' dir='ltr'><strong>col-</strong></span> 
     </span>
     <span class='ocr_line' id='line_1_38' title="bbox 68 4119 593 4199; baseline 0 -20"><span class='ocrx_word' id='word_1_304' title='bbox 68 4119 164 4189; x_wconf 70' lang='lat' dir='ltr'><strong>lidimus</strong></span> <span class='ocrx_word' id='word_1_305' title='bbox 182 4124 276 4197; x_wconf 74' lang='lat' dir='ltr'><strong>depa</strong></span> <span class='ocrx_word' id='word_1_306' title='bbox 294 4126 442 4197; x_wconf 80' lang='lat' dir='ltr'><strong>significare</strong></span> <span class='ocrx_word' id='word_1_307' title='bbox 460 4124 593 4199; x_wconf 77' lang='grc' dir='ltr'><strong><em>κορυφήν.</em></strong></span> 
     </span>
    </p>
   </div>
   <div class='ocr_carea' id='block_1_8' title="bbox 0 0 1419 4994">
    <p class='ocr_par' dir='ltr' id='par_1_9' title="bbox 0 0 1419 4994">
     <span class='ocr_line' id='line_1_39' title="bbox 0 0 1419 4994; baseline 0 0"><span class='ocrx_word' id='word_1_308' title='bbox 0 0 1419 4994; x_wconf 95' lang='lat' dir='ltr'><strong> </strong></span> 
     </span>
    </p>
   </div>
  </div>
 </body>
</html>
