2750 4994
244 299 312 370 139
346 363 349 370 ,
598 300 925 368 nlssnnrhrlo
960 301 997 368 ll

246 474 277 532 ot
298 467 456 549 gentilicia
470 460 617 550 Ἀργόλας
636 472 667 530 αλ
688 461 818 550 ᾰςγόλαι
838 461 925 550 ὄφεις
945 468 984 532 ab
1004 467 1096 547 Argis
1115 467 1166 532 rel
1184 467 1226 530 ab
1250 459 1356 553 όςηός,

242 559 366 646 Ὀζόλαι
385 569 425 634 ab
447 563 514 646 όζαι
533 561 667 648 δέρματα
685 567 751 628 τῶν
778 560 920 648 ὀνάγρων
941 567 1023 631 snm.
1043 567 1092 631 vel
1113 568 1152 630 ab
1173 563 1247 644 ὄζω.
1296 565 1357 630 sel

244 659 376 750 ἦιιιόλης
396 666 527 732 incubus
554 663 635 730 unde
663 664 764 728 dictus
783 657 834 728 'sit
862 681 951 728 nemo
980 667 1140 747 patefecit,
1168 683 1229 730 nec
1263 665 1357 744 adju-

245 773 380 832 mentum
393 765 544 849 praebent
558 764 663 828 uariae
674 764 807 828 nominis
823 756 1088 846 ῐοιιιιααὴιιιόλης,
1111 760 1249 846 λφιόλης,
1273 763 1357 845 ἰφία-

244 867 308 944 λος,
329 859 488 948 ἐπωφέλης
508 882 536 926 u.
559 862 684 928 Jacobs.
708 861 747 928 ad
762 861 871 926 Achill.
887 879 917 944 p.
934 862 1005 928 822.
1030 863 1111 928 Gies.
1128 863 1168 926 de
1181 863 1257 927 dial
1274 862 1356 925 aeol.

245 965 316 1031 353.
337 965 469 1032 lleinelr.
491 964 570 1029 llist.
596 963 680 1026 Com.
704 961 772 1026 152.
796 977 874 1042 quas
898 978 1004 1027 omnes
1032 980 1070 1027 cn
1096 957 1244 1044 ἑφιόλαης
1268 969 1356 1026 ortas

246 1081 319 1129 esse
341 1063 422 1130 haud
444 1068 566 1146 promta
585 1061 670 1126 lidos.
712 1056 864 1134 Αλθιόλας
883 1061 1019 1126 Helenae
1039 1061 1119 1124 ilius
1140 1061 1213 1124 Scb.
1245 1062 1283 1124 ll.
1307 1062 1355 1124 lll

247 1161 315 1228 174.
339 1162 426 1227 nost.
449 1161 520 1244 409,
541 1161 590 1226 32.
613 1159 733 1234 (omiss.
756 1161 788 1223 in
811 1160 878 1240 Th.)
900 1161 1036 1224 fortasse
1057 1162 1096 1224 ab
1118 1160 1202 1222 olbia
1224 1159 1355 1223 deriua-

246 1265 309 1324 tum
329 1267 378 1325 est
399 1269 432 1325 ut
452 1260 573 1335 albino.
617 1260 729 1323 Verum
750 1259 828 1324 haec
857 1259 1029 1322 terminatio
1055 1275 1150 1340 saepe
1176 1257 1354 1322 dubitatio-

244 1373 314 1422 nem
336 1359 423 1424 allert
445 1367 545 1424 ntrum
563 1359 669 1423 nativa
691 1358 785 1421 sitan
802 1361 971 1422 contracta.
1010 1359 1130 1421 Etenim
1150 1357 1237 1439 urbs,
1260 1373 1353 1437 quam

245 1456 422 1538 Stephanus
451 1458 525 1540 (nisi
546 1464 695 1522 accentus
716 1456 808 1537 fallit)
831 1456 966 1537 appellat
986 1457 1145 1537 pluraliter
1167 1457 1305 1536 Πρίολα,
1334 1473 1353 1518 a

244 1553 399 1622 Nicandro
416 1555 464 1622 hl.
480 1557 527 1623 15.
538 1562 668 1620 uocatur
682 1552 771 1629 πόλις
786 1551 933 1634 Πριόλαο,
958 1554 1014 1619 sed
1031 1554 1224 1618 conditorem
1244 1554 1352 1619 Schol

245 1653 284 1719 ad
311 1653 380 1719 hl.
407 1661 438 1721 et
460 1653 737 1720 auresaures.
759 1653 828 1720 933.
860 1650 1019 1736 Πριόλααα
1044 1654 1156 1718 dicunt.
1197 1655 1353 1720 Maccdo-

243 1769 313 1818 ncm
340 1751 491 1834 quendam
518 1754 654 1820 nobilem
680 1752 863 1817 Plutarchus
887 1753 974 1818 Alex.
1001 1770 1027 1817 c.
1049 1752 1099 1818 69.
1121 1745 1234 1830 Ἰόλαν,
1267 1749 1351 1833 qnod

243 1849 377 1916 Ebertns
399 1851 429 1916 in
452 1853 543 1918 Sicel.
565 1871 594 1935 p.
608 1851 657 1918 94.
679 1870 718 1918 ex
736 1847 855 1917 Ἰόλαον
868 1859 1058 1918 contractum
1076 1858 1172 1935 putat,
1193 1851 1351 1916 sedidem

242 1951 364 2016 Arrian.
384 1950 445 2015 Vll.
467 1951 517 2034 37,
539 1951 568 2017 3.
595 1953 711 2015 Vitrnv.
733 1951 809 2016 vill.
830 1951 860 2034 3,
883 1951 930 2016 16.
956 1946 1071 2025 Ἰόλλας
1091 1951 1235 2016 scribitur
1259 1950 1350 2014 sinri-

243 2049 313 2115 llter
333 2056 367 2114 nt
387 2049 538 2130 ortlucas
559 2051 610 2115 ille
632 2051 684 2132 qui
706 2049 744 2114 de
771 2052 899 2115 materia
921 2049 1041 2115 medica
1068 2051 1194 2130 scripsit
1220 2067 1252 2113 r.
1274 2048 1349 2112 liei-

244 2163 309 2214 nes.
338 2147 407 2214 tar.
428 2149 525 2215 Lecti.
547 2150 582 2215 ll.
606 2148 673 2214 162.
696 2156 727 2213 ct
747 2148 857 2213 Pollux
877 2150 924 2213 lV.
947 2151 997 2216 55.
1025 2146 1167 2231 Βόριμος
1186 2137 1228 2231 ἦν
1247 2141 1348 2212 Ἰόλλα

243 2239 390 2329 ἀδελφός,
412 2245 496 2327 quod
518 2264 574 2328 pro
598 2249 773 2328 composito
795 2247 902 2313 baberi
922 2249 1036 2329 nequit.
1076 2249 1142 2313 Nec
1163 2254 1268 2311 tamen
1289 2263 1346 2309 ne-

242 2345 377 2428 gaverim
399 2343 536 2411 Graecos
553 2344 702 2410 interdum
719 2346 894 2427 hujusmodi
907 2347 1067 2412 vocabulis
1081 2347 1255 2414 reddidisse
1270 2365 1346 2428 spe-

243 2444 320 2510 ciem
343 2443 602 2526 compositorum,
623 2461 703 2526 quae
724 2447 755 2509 in
775 2431 831 2520 λῖς
852 2447 1033 2512 contrahere
1047 2453 1266 2512 consuessent.
1302 2447 1346 2509 bo

242 2539 417 2607 nominibus
433 2540 555 2622 quidem
566 2543 762 2607 Doriensium
782 2544 866 2608 nulla
884 2547 947 2610 lere
958 2551 1008 2610 est
1020 2545 1179 2630 dubitatio,
1200 2553 1233 2610 ut
1251 2548 1345 2608 Πλει-

243 2635 352 2714 στόλας
364 2639 537 2721 Spartanus
559 2640 651 2706 Tbuc.
666 2642 700 2707 V.
719 2642 766 2708 19.
789 2641 956 2726 Παυρόλας
969 2644 1139 2710 Phalaridis
1159 2646 1239 2709 lilius
1261 2643 1344 2710 Snid.

246 2733 402 2814 llsmdlar
424 2735 592 2802 Thessalus
613 2739 772 2806 Demosth.
788 2742 876 2826 1376,
892 2743 920 2809 5.
950 2740 1114 2827 Πραιόλας
1131 2744 1226 2809 inscr.
1241 2747 1343 2826 Spart.

242 2853 271 2904 n.
296 2835 383 2903 toto.
412 2853 468 2917 pro
497 2853 558 2917 quo
586 2839 712 2921 saepius
744 2838 926 2921 Πραιόλαος
951 2844 1118 2926 invenitur,
1150 2850 1185 2908 ut
1210 2839 1345 2926 Τιμόλας

241 2936 381 3002 Boeotus
403 2933 510 3014 Polyb.
533 2935 623 3000 XVll.
646 2936 694 3019 14,
714 2937 744 3003 4.
773 2956 792 3002 a
811 2940 1019 3006 Demosthene
1045 2938 1197 3025 Τιμόλαος
1223 2942 1343 3023 dicitu,

243 3035 316 3116 quin
343 3033 435 3098 etlam
463 3032 661 3099 Atheniensis
684 3041 733 3100 cst
759 3034 892 3120 Τιμόλας
911 3043 943 3105 in
963 3043 1058 3106 lnscr.
1086 3042 1193 3108 Naval.
1213 3041 1251 3108 X.
1275 3041 1342 3108 385.

243 3139 274 3198 ct
296 3126 459 3215 Μισγόλας
486 3147 543 3212 pro
564 3127 749 3214 Μισγόλαος
769 3155 797 3201 v.
818 3140 947 3205 Meinek.
967 3141 1045 3206 Hisl.
1067 3141 1151 3207 Com.
1172 3140 1243 3206 387.
1284 3141 1342 3204 Pc-

242 3231 321 3312 lasgi
342 3245 454 3296 noman
470 3222 615 3313 Ἀγρόλας
633 3230 724 3298 Paus.
745 3235 767 3299 l.
782 3235 831 3320 28,
847 3237 875 3302 3.
904 3233 1051 3322 Σαμόλας
1069 3241 1184 3304 hohaei
1203 3239 1341 3322 Xenoph.

241 3321 387 3404 Λυκόλας
411 3327 514 3393 Aetoli
543 3329 653 3394 Athen.
674 3331 750 3398 Xlll.
772 3333 840 3400 605.
862 3338 895 3402 B.
923 3340 983 3403 utri
1009 3341 1114 3420 generi
1141 3336 1343 3403 adscribenda

242 3429 320 3512 sint,
349 3424 548 3508 injudicatum
576 3429 755 3511 relinquam.
803 3434 919 3501 Eadem
941 3446 990 3504 est
1011 3440 1223 3504 femininorum
1244 3436 1343 3500 ambi-

241 3527 352 3610 guitas.
394 3521 516 3590 Κλεόλα
542 3527 662 3608 quidem
685 3530 789 3596 Schol.
812 3532 913 3600 Orest.
934 3554 963 3600 u.
985 3537 1014 3602 5.
1036 3555 1055 3602 a
1076 3533 1228 3615 litardius,
1260 3532 1342 3617 quod

224 3631 291 3706 ,est
311 3623 438 3690 Phliasii
458 3640 570 3689 noman
591 3625 681 3691 Paos.
703 3627 737 3693 V.
758 3628 808 3712 22,
829 3633 855 3697 1.
878 3634 1061 3700 declinatum
1083 3636 1215 3717 dixeris;
1238 3639 1342 3718 Στρα-

240 3719 316 3790 ιόλα
337 3723 423 3788 llem.
445 3737 472 3787 c.
492 3721 602 3788 Ncaar.
626 3723 715 3810 1351,
740 3726 786 3794 14.
812 3732 922 3799 Athen.
943 3736 1019 3801 lllll.
1041 3736 1111 3802 593.
1133 3737 1168 3802 E.
1196 3754 1215 3799 a
1237 3739 1341 3818 Στρα-

240 3818 333 3897 τόλας
360 3827 393 3886 ut
420 3819 515 3884 Eleus
545 3819 668 3902 quidam
694 3834 824 3893 vocatur
845 3831 984 3916 Xenoph.
1006 3838 1072 3900 slve
1092 3831 1291 3918 Στρατόλαος
1312 3837 1341 3898 ut

240 3919 439 3989 Atheniensis
467 3918 560 4000 Gorp.
580 3917 676 3986 lusor.
703 3940 732 3989 n.
754 3925 873 3996 2741).
900 3934 932 3996 in
952 3932 1090 3999 addend.
1116 3934 1149 3999 P.
1170 3936 1193 3999 l.
1222 3952 1251 4015 p.
1274 3933 1340 4000 919.

242 4025 273 4087 et
294 4018 434 4086 similiter
449 4007 609 4097 Ἀριααόλα
628 4034 658 4084 ιι.
680 4021 749 4088 155.
772 4031 802 4090 et
823 4031 943 4111 Xopltc
962 4034 1040 4098 Plnt.
1065 4035 1191 4111 Quaesl.
1214 4033 1265 4100 Gr.
1280 4032 1340 4098 Xll.

242 4134 333 4202 quum
350 4117 532 4200 praesertim
548 4115 580 4182 in
596 4117 691 4184 loscr.
705 4120 814 4190 Boeot.
836 4144 866 4194 n.
878 4130 968 4198 1597.
990 4133 1110 4215 legatur
1123 4133 1247 4217 plenum
1262 4134 1340 4214 Κρι-
