2758 4994
77 1091 82 1100 ·
138 1061 173 1129 §.
198 1053 226 1118 1.
266 1033 439 1134 Nominum,
461 1067 540 1130 quae
560 1051 621 1115 boe
642 1050 713 1115 loeo
735 1050 775 1115 orl
797 1051 988 1117 tractandum
1002 1059 1072 1118 sunt
1087 1072 1165 1137 pro-

41 1154 182 1237 posita,
219 1150 371 1215 delectum
398 1150 490 1214 babet
517 1149 670 1214 Aroanios
699 1167 729 1230 p.
760 1151 809 1216 70.
837 1153 1031 1216 substantiva
1058 1153 1164 1219 dieens

42 1252 213 1331 syllabam
235 1251 273 1314 ab
296 1255 432 1314 extrema
453 1250 574 1313 tertiam
596 1255 715 1312 acutam
737 1249 852 1317 babere
876 1246 1050 1335 Πάνδαρος,
1070 1249 1165 1335 κόμα-

43 1373 115 1433 ρος,
141 1349 301 1442 adjeativa
321 1349 457 1412 ultimam
477 1342 625 1429 χαλαρός,
654 1342 798 1426 λιπαρός,
826 1344 960 1430 λαγαρός
980 1343 999 1413 ὁ
1019 1344 1165 1436 ἀσθενής,

44 1449 202 1532 exeeptis
223 1450 324 1512 minus
345 1447 510 1512 mobilibus
528 1441 669 1527 φλύαρος
687 1443 738 1509 καλ
758 1443 886 1529 ἔγκαρος
910 1443 1084 1531 ἢὲγαυος.1
1117 1449 1165 1518 Τά

46 1545 82 1612 δὲ
104 1541 391 1628 ὃεδιπλασιασμένα
410 1537 475 1609 κατ’
497 1539 596 1628 ἀρχὴν
623 1541 676 1608 καλ
702 1539 760 1628 τὴν
785 1541 911 1628 πρώτην
941 1546 1097 1634 συλλαβὴν
1123 1552 1165 1628 εἰς

46 1636 77 1730 ρ’
87 1641 314 1729 καταλήγοντα
339 1640 604 1726 προπαροξύνεται
628 1639 798 1728 βάρβαρος,
824 1641 994 1727 τάρταρος,
1013 1644 1164 1738 κέρβερος,

46 1743 217 1830 πέρπερος.
258 1745 326 1809 Nos
346 1761 421 1808 vero
444 1745 577 1808 seclusis
600 1742 757 1825 omnibns,
786 1760 914 1824 querum
935 1746 1164 1828 impositionem

48 1855 202 1913 vetustas
224 1844 347 1925 delevit,
368 1849 514 1924 quantum
534 1847 636 1906 restat
650 1839 809 1921 ingonem
821 1841 960 1922 digerere
974 1849 1162 1916 eonabimor.

48 1947 237 2012 verbalium
269 1942 417 2005 nonnulla
442 1941 696 2004 'temrinatienem
728 1956 748 2002 a
778 1940 874 2003 verbo
902 1949 1076 2010 mutuantur
1107 1948 1164 2015 sed

51 2050 237 2126 correptam
253 2042 383 2124 γεραίρω
404 2036 564 2123 γεραράς,2
584 2039 726 2119 nabataea
743 2033 893 2118 καθαρός,
914 2041 1164 2128 μαρμαλραμάρ-

52 2165 167 2226 μαρος,
191 2141 230 2204 ab
253 2139 402 2204 similibus
425 2148 534 2204 neutra
553 2132 594 2202 τά
613 2133 754 2220 νάρχαρα
775 2143 805 2202 et
825 2134 920 2220 ἔναρα
940 2147 975 2202 ut
996 2157 1014 2204 a
1032 2143 1164 2223 bisylln-

52 2242 103 2306 bis
118 2241 221 2321 σαίρω
235 2234 339 2320 σάρος,
353 2239 469 2318 οιιαίρω
483 2235 599 2322 σκάρος
610 2245 650 2321 et,
672 2238 700 2301 si
712 2243 850 2302 veterum
864 2241 1018 2303 sententia
1034 2248 1162 2329 stamus,

55 2337 123 2424 άρω
155 2335 258 2418 άαρος.
307 2339 377 2402 Alia
403 2354 477 2401 vero
507 2337 701 2401 extrinsecus
729 2331 981 2420 sumuntprltto
1011 2335 1165 2423 βύλλαρος

54 2441 150 2520 sollo,
175 2433 341 2518 Κάλλαρος
361 2435 454 2510 ἵππος
474 2431 637 2516 Κάστορος
657 2428 742 2514 παρά
762 2429 798 2498 τὸ
817 2431 933 2500 κέλλειν
953 2431 972 2501 ὁ
992 2434 1087 2521 ταχύς
1116 2443 1163 2522 (ut

56 2535 162 2622 κέλης)
196 2536 278 2600 Soirl.
307 2534 389 2618 quod
419 2549 482 2598 non
508 2534 588 2598 male
616 2538 789 2614 oenjeotum
823 2535 984 2616 videtum3
1018 2548 1164 2624 oorrepta

57 2636 252 2720 diphthongo
274 2633 381 2716 στελβαι
393 2629 546 2715 στιβαράς,
569 2650 588 2696 a
601 2635 686 2714 puris
702 2629 799 2716 βριάω
811 2631 948 2719 βριαρός,
960 2633 1036 2699 troo
1052 2638 1163 2725 (ἵλαος)

56 2723 176 2817 Ιἱλαρός,
199 2729 302 2796 ταλάω
326 2726 465 2814 (ταλαός)
486 2726 617 2815 τάλαρος
637 2727 734 2796 ὅιάτό
751 2732 952 2816 βαστακτικὸς
964 2727 1042 2800 εἶναι
1056 2737 1162 2803 Sobel.

56 2835 130 2899 Hes.
156 2835 242 2899 Soot.
264 2830 334 2896 293.
358 2831 407 2893 eoi
429 2829 567 2895 eolorem
595 2832 761 2896 conciliant
786 2829 923 2915 τελαμών
949 2834 1062 2899 telamo
1092 2844 1163 2904 eta

57 2935 155 2999 verbo
181 2945 353 3011 synonymo
375 2927 503 3010 φερνίον
526 2931 662 2996 eorbula.
698 2929 764 2994 Nee
778 2930 869 2996 dubie
884 2933 1051 2999 eobaerent
1064 2931 1162 2999 αιαάω

59 3025 197 3112 σκιαρός,
216 3023 320 3110 χαλάω
340 3022 482 3108 χαλαρός,
503 3028 629 3110 χλιαλνω
649 3024 792 3112 χλιαρός,
822 3031 872 3093 oui
893 3032 992 3096 simile
1012 3031 1123 3115 μιαρός
1144 3053 1164 3100 a

60 3130 172 3209 μιαλνω
195 3129 299 3208 potins
320 3125 519 3207 repetendum
541 3143 631 3209 qnam
652 3134 685 3193 ut
705 3134 828 3192 veteres
847 3130 968 3194 volunt:
989 3126 1028 3196 τά
1047 3133 1091 3210 εἰς
1110 3121 1166 3200 aa]

64 3224 273 3311 άπαρέμφατα
291 3226 437 3289 ποιοῦσιν
456 3213 554 3300 eigo—9
575 3219 712 3310 ovipara
732 3221 920 3310 ἰσοσύλλαβα
938 3230 984 3316 τῷ
1004 3231 1026 3296 ἇ
1046 3229 1165 3322 vizaio]

60 3322 305 3410 παραληγόμενα,
326 3325 433 3408 μιᾶναι
444 3319 564 3408 μιαρός,
577 3325 714 3406 μνσᾶναι
729 3321 877 3410 μυσαρός,
897 3329 1019 3412 χλιᾶναι
1028 3328 1161 3416 χλιαρός,

131 3606 159 3674 1]
183 3604 331 3660 Dindorfins
356 3607 382 3659 in
401 3605 478 3662 Thes.
497 3619 519 3660 s.
532 3605 636 3674 Ἔχκαρ
655 3605 706 3660 boe
728 3619 762 3660 ex
779 3605 953 3676 dittograpbiu
978 3614 1066 3664 notum
1083 3615 1163 3681 putot,

62 3689 108 3745 sed
123 3689 229 3746 ridetur
246 3703 279 3744 ex
296 3688 449 3759 ἐγκέφαλος
466 3695 553 3745 natum
569 3702 648 3755 esse,
673 3687 743 3756 qood
760 3690 981 3758 interpretnnemi
1003 3693 1063 3747 loeo
1082 3693 1164 3748 addi-

66 3775 116 3826 tum
134 3778 176 3828 est
194 3773 309 3841 ἔχιιαρος
327 3769 341 3824 ά
359 3771 519 3842 ἐγκέφαλος.

127 3856 157 3923 2]
181 3854 271 3910 Sebol.
297 3855 327 3909 ll.
353 3855 400 3910 111.
425 3857 483 3912 170.
510 3851 627 3924 γεραράς
649 3851 679 3905 τὸ
704 3852 855 3925 promeris
877 3856 1017 3926 συγκοπιλ,
1040 3873 1098 3923 ¹noo
1122 3862 1164 3916 sie

66 3941 202 4009 scripsisse
220 3938 324 3994 videtur
340 3938 389 3994 sed
407 3937 540 4010 γεραηρός
555 3936 613 3992 ΕΜ.
630 3937 689 4004 227,
707 3939 749 3995 20.

129 4028 158 4095 3]
178 4028 328 4085 Κλλλαντοι
345 4028 394 4080 τοῦ
408 4027 529 4086 Πέλοπος
546 4024 657 4097 ἡνιόχου
674 4028 765 4087 Sobel.
783 4028 854 4084 Aret.
877 4029 934 4088 161.
959 4029 1012 4086 Alii
1029 4031 1163 4086 Κιλλαντα

66 4112 105 4167 rel
121 4111 222 4164 Κίλλαν
238 4115 348 4178 recent,
367 4109 439 4166 urbis
456 4110 539 4169 Cillao
558 4125 721 4181 eponymum.
