2768 4994
154 279 206 343 DE
226 279 321 346 NOM.
337 278 501 357 QUORUM
521 280 634 347 CHAR.
649 281 726 348 EST
742 280 871 348 Sinna.
893 282 926 347 C.
943 284 978 350 11.
997 284 1064 360 §.3.
1086 285 1157 354 aa?

8 444 214 508 vocant1⁷
254 445 294 508 Et
314 445 437 526 longius
460 444 622 512 deductum
649 441 806 530 εἰρεσιώνη
833 446 872 514 ab
899 440 988 531 εἶρος,
1016 448 1100 531 quod
1126 451 1159 518 in

8 543 186 607 transitu
208 560 333 610 casuum
355 553 407 609 tau
426 561 490 608 non
510 545 628 626 recipit.
670 544 875 610 Usitatissima
901 563 975 612 vcro
1002 554 1051 614 est
1073 549 1157 614 dori-

8 642 127 705 vatio
162 641 383 721 adjectivorum
401 645 433 708 in
452 630 549 727 νηοῖς,
570 644 699 708 maxime
720 661 740 706 a
762 645 936 710 nominibus
960 647 1076 728 primae
1098 647 1156 716 dc·

8 741 231 805 clinatIonis
261 743 428 826 femininis,
457 739 575 826 Ἀλσὶνη
599 736 800 824 Ἀλωνήσιος,
834 735 943 825 Ἰθάκη
967 736 1153 829 Ἰθακήσιος,

15 835 193 922 Μυκάλη
213 836 428 924 Μνκαλήσιος,
450 837 580 925 Στρύμη
601 836 808 924 Στρνμήσιος,
832 839 1033 926 Παπελήσιος
1047 847 1153 928 Steph.

10 958 44 1006 s.
74 939 229 1020 Δελφοί,
252 949 282 1005 et
302 959 321 1004 a
342 939 419 1006 deae
440 943 563 1006 nomine
580 935 761 1023 Ἑκατήσιος
779 946 813 1003 ut
829 934 1019 1024 Ἐκαλήσιος,
1040 946 1079 1012 ab
1094 961 1154 1028 ap-

13 1039 209 1120 pellatim’s
240 1036 375 1122 λιτήσιος
407 1041 508 1106 Nonn.
533 1039 631 1104 XLIII.
666 1039 735 1104 137.
763 1032 941 1124 ἡμερήσιος,
977 1040 1156 1128 πρυμνήσια

13 1137 133 1202 Diod.
164 1137 241 1204 XIV.
273 1140 323 1205 55.
355 1139 393 1204 de
420 1155 480 1221 quo
502 1138 621 1204 I’olqu
649 1137 670 1202 Ι.
698 1137 747 1204 93.
775 1139 911 1204 tortasse
935 1142 1038 1207 mitius
1064 1161 1154 1225 mam

16 1253 89 1317 par
118 1243 179 1300 est
195 1237 314 1317 judicat
335 1234 461 1321 ἐγχωρεῖ
477 1238 521 1325 τῷ
542 1229 673 1317 ὀνόματι
691 1238 836 1318 χρῆσθαι,
859 1228 960 1322 udor}
985 1238 1153 1324 ποιητικόν,

18 1341 56 1398 et
81 1335 163 1400 hoc
195 1337 330 1404 deterIus
357 1334 517 1421 πρωρήσια
547 1337 651 1402 Schol.
678 1336 751 1414 Lyn.
773 1336 844 1404 295.
862 1337 928 1403 ΕΜ.
949 1337 1019 1423 693,
1040 1340 1090 1408 38.
1111 1344 1155 1408 λι

19 1431 187 1517 μνήσιον
218 1437 333 1501 herbae
360 1453 472 1502 nomeu
504 1454 594 1519 quam
621 1435 812 1517 antiquiores
846 1437 1007 1519 λιμνήστιν
1034 1448 1154 1508 vocant

20 1535 78 1598 Ab
105 1535 181 1617 Iris,
202 1551 281 1616 quae
302 1537 335 1600 in
356 1523 568 1610 opercidunt:
589 1528 686 1609 Λήνος
705 1528 854 1614 Αἰνήσιος
873 1535 973 1602 Strab.
1000 1535 1155 1623 Λιθήσιος

20 1628 207 1698 Ἀπόλλων
236 1629 255 1697 ὁ
282 1636 327 1721 τῷ
352 1631 387 1698 ἐν
413 1630 528 1721 Μαλέᾳ
554 1633 635 1719 step
668 1629 908 1714 προςιδρνμένσς
936 1631 979 1710 ὡς
1005 1629 1152 1706 ἀπὸ-τοῦ

25 1729 214 1814 Μάραθος
231 1729 443 1818 Μαραθήσιος
463 1733 569 1816 supin
589 1727 692 1813 μύρον
704 1728 907 1814 Maeoticae
922 1726 984 1797 ἀπὸ
1001 1732 1154 1818 Μεγάλου

27 1828 241 1896 Σικελιώτου
263 1833 340 1899 ΡοΙΙ.
361 1851 422 1916 quo
445 1840 546 1898 tamen
568 1831 711 1896 testatior
732 1837 781 1893 est
795 1829 1154 1916 scriptmunnpdnam

28 1927 99 1996 ἀπὸ
125 1927 305 2014 Μεγάλλου
326 1933 394 1998 siue
414 1927 589 1996 Mardi-too.
633 1927 695 1994 Sed
717 1929 886 1994 consimilis
910 1937 958 1996 est
980 1932 1077 1998 flexus
1094 1936 1153 2001 ad·

26 2033 236 2112 jectivorum
265 2026 376 2114 βροτός
403 2037 434 2096 et
454 2024 634 2114 βροτήσιος,
654 2022 802 2108 νύκτερος
821 2024 1037 2115 νυκτερήσιος,
1065 2041 1094 2098 et
1121 2035 1153 2102 iu

32 2146 197 2194 sermone
219 2129 405 2194 Graecorum
426 2130 517 2211 hujus
539 2129 652 2192 aetatis
674 2120 814 2209 ἐλάφειος
833 2123 1016 2210 ἐλαφήσιος,
1038 2128 1153 2214 opopa.

33 2251 120 2304 τειος
143 2224 365 2312 προβατήσιος,
386 2229 568 2310 quibuscum
593 2226 730 2291 'conferri
755 2225 828 2290 lioct
855 2228 981 2310 antiqua
998 2221 1155 2306 Ἱιὲκιὶιειος

36 2335 69 2392 et
87 2323 300 2411 Ἑκαλήσιον,
328 2326 402 2392 illud
428 2327 532 2420 Iovis,
561 2326 621 2389 hoc
648 2325 829 2390 solemnium
854 2342 983 2408 nomen,
1012 2334 1044 2392 et
1070 2330 1154 2411 quod

36 2428 238 2508 Apollonius
260 2426 381 2490 uarium
402 2426 573 2492 retinacula
593 2423 684 2489 modo
706 2425 854 2506 πείσματα
874 2430 1033 2508 πρυμναῖα
1060 2437 1154 2496 vocat

37 2527 139 2592 modo
165 2525 361 2590 substantive
381 2520 569 2608 πρυμνήσια,
582 2524 633 2587 alii
639 2517 800 2597 ‘Exosades
813 2529 844 2588 et
852 2516 1039 2606 ’Βήσατήσιος
1052 2530 1154 2608 Στρυ-

39 2630 137 2705 μαῑος
161 2625 226 2708 (sio
247 2622 314 2689 cod
335 2623 454 2707 Stepn.)
477 2631 508 2688 ot
529 2618 733 2704 Στρυμήσιος.
744 2623 772 2664 1⁸
810 2626 840 2686 Α
858 2624 1032 2689 nominibus
1045 2629 1155 2694 tertiae

40 2727 161 2788 Ἐπειον
182 2714 304 2787 τὸκατ’
326 2719 402 2801 ἔτος,
424 2719 546 2805 ἐτήσιον
565 2723 639 2788 Hes.
661 2739 740 2802 quae
762 2721 908 2787 discernit
929 2724 1153 2806 Moschopulus

43 2823 160 2888 Sched.
187 2821 257 2888 169.
280 2818 373 2897 ἔτειος
394 2817 412 2885 ὃ
432 2818 564 2904 χρόνιος,
585 2815 705 2902 ἐτήσιος
725 2814 758 2882 δὲ
778 2813 814 2882 τὸ
835 2811 899 2882 κατ’
915 2816 990 2900 ἔτος,
1005 2839 1063 2888 nac
1079 2840 1152 2890 raro

43 2922 203 2987 differunt.
244 2925 274 2985 Α
299 2917 422 3003 κάρφος
450 2929 484 2984 nt
510 2920 640 2997 videtur,
666 2914 856 3000 καρπήσιον,
885 2922 974 3000 cujus
1002 2916 1095 2984 λεπτὰ
1114 2916 1153 2986 τὰ

43 3018 154 3105 κάρφη
179 3014 285 3086 Galen.
313 3019 351 3084 de
372 3019 474 3085 Antid.
495 3020 517 3083 1.
539 3019 587 3084 72.
610 3019 643 3083 Τ.
668 3017 745 3083 ΧΗΙ.
791 3018 821 3080 Α
847 3017 1003 3084 Charitum
1028 3023 1153 3088 nornine

45 3119 130 3185 dicta
166 3127 241 3186 sunt
268 3116 447 3201 Χαριτήοια.
498 3117 608 3182 AIIena
638 3133 713 3180 voro
742 3133 761 3179 a
794 3118 957 3198 proposito
985 3119 1038 3184 illa
1072 3138 1153 3201 onae

46 3220 229 3301 Stephanus
257 3220 395 3299 suggerit
423 3212 602 3300 sapaudo
624 3211 889 3308 Καβσκιοινήσμος
918 3209 961 3290 ὦς
985 3215 1153 3298 Ταρρακσ-

46 3313 173 3398 νήσιος·
195 3311 274 3382 κατὰ
294 3313 327 3381 de
347 3312 403 3380 τὸν
423 3309 581 3398 ἑλληνικὸν
603 3312 729 3396 (τεκνον)
753 3315 984 3396 Καβελλωνίτης
1004 3309 1047 3390 ὡς
1072 3314 1152 3396 Ταῤ

46 3412 232 3500 ῥακωνίτης,
254 3416 306 3480 illa
328 3418 407 3481 enim
429 3419 528 3482 iorma
549 3417 739 3496 semIgraeca
759 3419 808 3478 est
828 3419 860 3476 ut
877 3405 1074 3497 Ἰταλικήσιος
1094 3433 1151 3497 pro

45 3514 235 3600 italicensis,
258 3511 440 3598 Παρμήσιος
460 3532 516 3596 pro
538 3515 714 3580 Parmensis
737 3520 794 3578 eto.
816 3533 843 3578 v.
864 3513 974 3578 Parall.
994 3513 1044 3578 32
1065 3531 1152 3579 oam-

48 3629 107 3694 que
131 3617 172 3681 ob
197 3631 322 3681 causam
344 3631 439 3698 snpra
459 3608 644 3696 Μεγαλήσια
664 3613 857 3694 praetermisi
877 3612 981 3678 sciens
1010 3613 1150 3694 quavas

119 3867 164 3933 17)
190 3867 231 3922 no
260 3867 372 3936 propriis
386 3865 526 3916 Ἀντεοίων
548 3862 632 3917 Noun.
650 3860 762 3916 XXVIII.
782 3861 838 3918 112.
857 3865 885 3917 et
902 3859 1037 3914 Αὔτεσίων
1053 3861 1150 3918 Herod.

55 3945 114 3999 nihii
134 3951 260 4018 explorati
280 3948 374 4004 habco.

119 4032 164 4100 18)
177 4031 318 4101 ‘notemur
334 4031 485 4087 navicularii
501 4043 597 4084 noman
613 4033 655 4084 est
670 4026 804 4084 Demosth.
823 4042 849 4096 p.
869 4027 928 4086 926.
941 4025 1066 4095 Ὑμλαῖις
1082 4042 1152 4096 ρεα-

58 4109 172 4168 IIIieium.
208 4113 381 4185 Εὐανδρησία
398 4128 445 4183 pro
463 4111 593 4182 εὐανδρία
610 4115 759 4180 suspectum
778 4110 873 4168 habeo.
