2750 4994
199 290 253 356 DE
275 289 492 358 NOMINIBUS
514 291 556 356 IN
578 301 597 354 ν
617 289 878 358 EXEUNTIBUS.
906 292 939 358 (L
952 291 1000 359 iii.
1089 295 1155 364 m

45 456 131 522 Pina
154 450 257 540 ὑηνός
276 456 352 521 Plet.
373 456 457 538 quod
478 456 560 538 opud
581 455 698 522 Saidan
727 457 809 522 rnale
827 464 974 539 gravatur
993 466 1026 523 ut
1038 453 1154 545 Ὄσριη.

43 578 99 630 νος
125 549 312 636 πολύοσμος
338 557 412 620 iios.
438 556 499 619 nisi
531 548 666 638 ὀδμηρός
692 556 828 638 scripsit.
875 557 992 622 Eorum
1019 561 1153 625 omniura

43 657 133 736 urigo
158 673 179 719 a
201 655 414 719 substantivis.
448 655 631 735 Ambiguum
642 661 692 718 est
707 650 859 737 σιτετηνός
868 655 1000 736 Ητεησλι
1022 652 1152 742 α’λνιιή

41 776 135 836 νεμος
158 760 191 817 et
212 753 281 816 eliis
301 753 391 836 ioeis,
412 768 475 816 non
498 759 559 818 tom
581 753 753 834 scripturae
776 769 881 835 eausa
902 771 973 818 naor
993 753 1151 833 σκετεινός

37 857 108 933 ture
130 853 222 933 reJiei
242 851 363 916 uidetur
384 871 411 916 u.
424 852 540 916 Nielas.
563 851 602 917 ad
618 851 735 933 Geopp.
751 851 800 916 XL
815 851 887 934 bb.
904 858 935 915 et
950 854 1148 922 schleusner.

40 953 72 1015 in
96 953 191 1016 Tbes.
212 952 247 1015 V.
267 952 299 1015 T.
321 969 348 1014 s.
371 951 399 1016 b.
420 969 449 1014 ν.
471 967 561 1033 quarn
575 951 784 1032 derivationis,
807 967 826 1012 a
843 944 939 1033 σκέπη
960 965 999 1015 an
1014 971 1033 1016 a
1046 949 1149 1019 σκέπον

39 1056 74 1113 ut
95 1044 241 1132 τενηνός,
262 1049 408 1131 quoiast
427 1051 641 1114 nonenuauis
662 1043 816 1132 (Πττηνη)
837 1049 869 1112 in
885 1049 1025 1130 inseript.
1041 1051 1149 1120 Nouoi.

39 1149 88 1213 iv.
110 1148 189 1214 318.
212 1154 245 1212 et
265 1149 415 1230 probetur
437 1148 608 1231 Teobniois
628 1148 699 1212 iibri
719 1156 821 1212 autem
847 1149 947 1211 nostri
969 1149 1148 1234 plerumque

41 1264 110 1311 eum
131 1242 271 1322 ταπεινός
291 1255 322 1310 et
342 1242 457 1329 ττηνός
478 1253 666 1312 commutant
686 1265 715 1313 v.
735 1244 848 1311 Herod.
869 1246 904 1310 ΙΙ.
928 1247 995 1313 123.
1011 1249 1060 1315 iii.
1077 1251 1150 1318 ibib

42 1347 180 1410 Tbomas
192 1347 233 1411 u.
248 1364 273 1412 s.
287 1345 316 1411 b.
329 1363 358 1409 u.
379 1345 504 1410 Jaeobs.
526 1345 566 1410 ad
585 1346 677 1409 Antb.
699 1345 733 1410 P.
756 1344 823 1409 126.
843 1351 874 1408 et
893 1344 963 1410 535.
988 1347 1146 1414 noerior-

41 1461 155 1525 umque
194 1445 233 1508 ab
267 1445 328 1508 boe
362 1445 572 1525 nominatum3
605 1449 636 1508 et
669 1444 805 1508 sortasse
834 1445 985 1527 Λεηλῆνος
1021 1447 1096 1532 (sie)
1123 1444 1148 1512 b

40 1540 201 1617 Διόνυσος
220 1543 294 1608 Hes.
316 1544 345 1606 si
365 1559 385 1606 a
404 1541 528 1606 libando
550 1558 663 1606 nomon
682 1543 803 1623 aeeepit
821 1550 855 1606 nt
875 1543 967 1607 Liber
987 1543 1147 1616 Lebosttte

44 1642 147 1708 dietus
170 1644 250 1725 qnia
270 1657 386 1722 ρναττσ
404 1636 494 1724 λοιβή
516 1641 633 1705 αἰολίαν
652 1658 706 1706 ree
727 1641 836 1706 σλνίνα
857 1643 943 1708 Serv.
971 1643 1010 1706 ad
1032 1644 1144 1726 Georg.

42 1740 62 1804 1.
81 1743 110 1806 7.
149 1742 182 1804 A
203 1740 406 1804 eirourubexis
425 1734 560 1823 ναληνός
580 1734 762 1822 (ητνάλημαι
779 1736 997 1822 γογαληνισμαι
1011 1742 1097 1824 Hes.)
1113 1751 1146 1808 ot

41 1835 186 1924 τοτηνός,
209 1838 267 1904 sed
286 1855 343 1920 pro
364 1835 504 1922 τιατηνόν
523 1836 559 1904 τὸ
579 1835 792 1922 τατατημένον
811 1839 883 1904 Hes.
897 1835 1035 1922 αατητόν
1049 1843 1143 1906 seribi

43 1944 178 2020 eportet.
219 1939 266 2003 Do
285 1934 415 2020 τννηνός
435 1947 465 2003 et
485 1934 600 2022 τιθήνη
619 1955 683 2002 uon
704 1937 848 2000 convenit
868 1943 968 2000 utrum
983 1939 1024 2002 sit
1040 1936 1144 2020 ῥημα·

41 2033 127 2102 vebo
147 2033 248 2119 ὄνομα
272 2053 311 2100 arr
332 2053 351 2100 a
370 2033 445 2120 τιθή
465 2039 530 2103 ΕΜ.
553 2038 609 2104 sed
628 2028 823 2120 γαλαθηνός,
851 2051 909 2116 pro
931 2053 992 2117 quo
1015 2037 1144 2102 Simeon

43 2137 129 2200 Setiri
149 2130 413 2210 λακττνὸότιουλος
439 2137 526 2222 dieit,
554 2155 593 2202 ex
620 2137 776 2201 homerico
805 2129 885 2216 γάλα
910 2137 1033 2218 θῆσθαι
1062 2154 1143 2201 oon-

42 2236 146 2300 batum
169 2251 242 2298 esse
264 2236 478 2316 eonsentiuut3
508 2236 591 2317 quod
618 2236 767 2299 haetenus
789 2233 890 2314 probo
919 2241 953 2297 ut
974 2235 1014 2298 ab
1033 2236 1143 2300 ineer-

43 2339 134 2416 rupto
156 2333 207 2398 rel
225 2333 412 2398 indeclinato
433 2335 491 2398 τοῦ
511 2330 591 2417 γάλα
611 2335 739 2416 primum
768 2328 907 2416 γαλαθής
936 2333 1142 2416 eompositunr

43 2447 197 2510 censeam,
222 2433 272 2496 eui
293 2435 383 2496 testis
404 2434 506 2498 nuilus
527 2433 585 2498 seri
606 2433 704 2498 simile
725 2439 774 2496 ost
794 2427 957 2514 αἰγοθήςὸ
971 2428 1143 2516 αλγοθηλας

42 2532 106 2596 EM.
128 2549 147 2595 o
168 2525 310 2614 ναλαθής
329 2548 403 2596 uero
425 2532 607 2613 productum
627 2527 813 2615 γαλαθηνός.
854 2532 900 2596 Do
931 2531 1052 2596 duobus
1080 2533 1142 2597 bo-

42 2632 177 2695 motonis
198 2623 336 2713 ἆκμηνός
356 2624 374 2694 ὁ
394 2624 540 2713 ἀκμάζον
560 2637 592 2696 et
611 2623 749 2714 ἀαμηνός
769 2624 789 2694 ὁ
808 2626 913 2705 ἄσιτος
940 2629 992 2694 diu
1012 2632 1142 2712 quaesi-

43 2737 104 2794 tum
125 2747 190 2811 quo
210 2735 285 2794 tono
306 2729 471 2794 scribenda
490 2731 568 2810 sint3
597 2729 765 2814 suendum
791 2729 989 2794 aristarchus
1018 2730 1140 2811 gravari

41 2829 134 2907 jussit
154 2823 309 2892 σύνθετον
336 2821 415 2892 εἶναι
441 2823 573 2912 φάσκων
598 2823 682 2909 παρὰ
706 2823 743 2892 τὸ
770 2841 791 2892 ᾱ
820 2824 998 2912 στερητικὸν
1024 2824 1141 2892 καὶτὸ

44 2921 180 3011 ἄκμῆνος
202 2928 289 3009 (sio).
327 2920 401 2991 ’AM'
425 2921 485 2991 οὐκ
505 2921 785 3010 territionibus
804 2922 866 2992 ἀπὸ
894 2927 953 2992 τοῦ
970 2913 1014 3006 {stt
1042 2921 1142 3011 ἀρχο-

43 3021 153 3109 μένην·
175 3024 203 3090 εἰ
223 3020 257 3090 δέ
277 3047 323 3101 τις
341 3025 411 3109 δοίη
429 3019 523 3105 εἶναι,
545 3021 675 3108 ὤφειλεν
702 3021 882 3104 ὀξύνεσθαι·
910 3021 928 3090 ὁ
955 3023 1015 3107 γὰρ
1041 3022 1140 3101 τύπος

44 3129 135 3189 ποθεῖ
158 3119 219 3209 τὴν
249 3118 351 3202 ὀξεῖαν
376 3126 510 3206 Epimer.
536 3125 634 3191 Crem.
656 3127 677 3190 1.
700 3129 748 3192 74.
782 3128 836 3192 ille
864 3125 995 3191 forsitan
1022 3120 1141 3207 κμηνός

45 3225 124 3290 inxit
149 3231 182 3288 ut
203 3219 328 3306 τττηνός,
348 3220 449 3308 νηνός
470 3231 528 3288 ote.
541 3225 704 3306 iietuurque
717 3227 811 3289 tuitus
826 3233 875 3290 est
889 3222 1029 3305 exemplo
1045 3224 1136 3304 glos-

45 3326 180 3390 sematiei
199 3319 379 3406 κμέλαθρον,
401 3330 526 3405 praeter
546 3323 629 3404 quod
649 3324 805 3388 nullevox
825 3324 857 3386 in
878 3322 1029 3404 principio
1045 3323 1140 3387 babet

44 3407 87 3504 ηἰ,
128 3425 242 3488 Verum
269 3429 371 3487 tamen
391 3421 546 3486 diversum
574 3422 665 3487 tradit
684 3423 750 3487 EM.
771 3420 828 3504 49,
857 3421 906 3485 32.
941 3414 1138 3504 Ἀρίσταρχος

44 3517 123 3604 ταρὰ
142 3517 202 3605 τὴν
222 3517 334 3604 ἀκμήν,
356 3522 422 3586 siue
442 3520 494 3584 iile
514 3523 641 3584 mutavit
661 3520 844 3585 senteutiam
858 3520 924 3582 sive
938 3519 1054 3582 librarii
1066 3537 1137 3582 rnu-

45 3626 142 3686 turunt
163 3621 302 3710 auctoris
322 3635 443 3683 nomen.
485 3618 766 3700 Properoxytonon
789 3623 890 3682 auteur
911 3618 1025 3682 iecisse
1046 3617 1138 3681 uide-

46 3724 89 3784 tur
107 3726 276 3802 propterea
297 3715 380 3799 quod
400 3712 480 3801 ἄκμη
499 3711 521 3801 ἡ
543 3713 658 3802 ἀσιτία,
678 3715 759 3781 unde
781 3715 948 3780 derivatum
971 3721 1036 3798 est,
1058 3732 1137 3778 aee-

46 3816 131 3883 iieum
159 3816 347 3899 perhibetur.
396 3815 542 3896 Hesycbii
567 3817 677 3897 glossa
703 3810 833 3898 Κηλὴνη
858 3809 986 3895 μέλαινα
1013 3820 1137 3893 praeter

48 3923 201 3982 noeentum
223 3930 301 3979 sana
320 3911 440 3978 videtur
461 3921 650 3997 congruente
671 3914 866 3980 substantivo
888 3912 973 3995 αηλλς
999 3911 1136 3992 maeula3

49 4015 98 4079 sed
118 4033 174 4098 pro
196 4013 340 4097 τρίχηνον
359 4007 551 4097 τρικόρυφον
572 4012 640 4079 eod.
664 4007 770 4096 τριχήν
789 4012 926 4095 praebet,
947 4027 1008 4093 quo
1029 4009 1137 4075 Blem-

48 4112 157 4178 ieldius
180 4111 219 4176 ad
239 4111 352 4177 Aeseb.
373 4113 459 4194 Sept.
481 4112 550 4180 757.
570 4112 713 4198 τρληηλον
734 4111 863 4178 trifidum
884 4107 1049 4191 significari
1080 4125 1138 4174 su-

77 4225 180 4279 botua
194 4227 334 4292 Patholog.
891 4206 929 4274 13
1163 4233 1165 4235 ’
