2770 4992
191 288 246 353 DE
266 284 405 352 NOMIN.
425 285 468 351 IN
487 273 528 351 ὗλ
554 287 817 354 EXEUNTlBUS.
844 289 877 354 C.
891 289 939 354 IV.
960 295 990 364 §-
1006 288 1032 355 1.
1105 291 1163 357 lat

516 487 623 551 CAP.
658 485 710 552 lv.

377 626 437 692 De
460 627 704 693 terminatione
728 603 774 696 dt
803 661 847 678 -·

140 771 172 840 ς.
197 764 224 831 1.
266 767 398 849 Propter
423 783 563 849 magnam
588 774 736 831 accentus
757 766 996 832 inconstantiam
1017 781 1165 848 pracser-

50 863 108 926 tim
130 864 164 926 in
186 865 356 946 trisyllabis
377 867 475 948 primo
498 866 569 929 loco
592 883 704 948 ponam
726 867 849 932 Arcadii
871 871 1039 948 praecepta
1059 883 1097 930 cx
1113 865 1165 932 in-

51 961 211 1026 ordinatis
245 963 277 1026 in
312 964 449 1029 ordinem
482 965 616 1029 redacta.
663 965 815 1046 Pleraque
849 965 941 1044 igitur
969 971 1165 1046 paroxytona

51 1067 147 1140 sunt3
184 1063 314 1141 primum
341 1063 510 1146 adjectiva,
544 1080 674 1144 quorum
702 1063 801 1146 prima
827 1063 920 1142 longa
950 1067 998 1126 cst
1024 1060 1164 1153 αἱμύλος,

51 1151 194 1240 ἆγκύλος
216 1166 274 1226 ολο.
296 1168 426 1243 excepto
449 1179 510 1226 uno
533 1161 675 1241 αλουλος,
705 1163 788 1244 quod
808 1163 948 1226 nonnulli
971 1179 1010 1225 ex
1030 1156 1165 1257 ἀήσυλορ

53 1264 254 1323 contractum
276 1262 399 1342 volunt3
422 1261 558 1325 secundo
579 1261 767 1344 appellativa
788 1269 819 1326 et
839 1262 975 1344 propria,
995 1279 1075 1342 quae
1096 1255 1164 1339 eam

55 1356 213 1436 syllabam
230 1365 341 1423 natura
362 1361 485 1441 longam
504 1361 618 1424 babent
632 1355 821 1443 ιιρωβύλος,1
837 1353 1005 1442 Ῥωμύλος,
1027 1363 1163 1449 exceptis

56 1457 203 1539 pauoiS,²
233 1460 325 1522 tertio
351 1459 426 1524 illud
447 1476 544 1540 genus
566 1462 779 1544 propriorum,
808 1461 857 1523 cui
884 1461 981 1540 prima
1006 1461 1163 1545 positione

55 1553 153 1635 longa
167 1551 335 1640 Δερκύλος,
359 1554 527 1639 Βακχύλος,
549 1565 658 1639 quarto
675 1557 820 1622 tribrevia
841 1576 919 1639 quae
941 1575 1040 1642 neque
1062 1576 1081 1622 a
1102 1577 1163 1627 no-

54 1654 190 1718 minibus
211 1655 393 1736 isosyllabis
417 1654 555 1722 derivata
574 1664 646 1722 sunt
663 1663 696 1720 ut
710 1653 850 1739 σταφυλή
864 1651 1041 1739 Στάφυλος,
1063 1674 1164 1738 neque

55 1752 87 1814 in
107 1754 264 1835 principio
278 1757 344 1819 iota
359 1755 473 1820 habeut
494 1764 527 1819 ut
548 1751 831 1834 τίτυλος,3Ἴτυλος
850 1750 886 1820 τὸ
904 1751 1023 1837 κύριον.
1064 1757 1163 1836 llujus

57 1858 160 1915 autem
182 1855 285 1934 quarti
308 1853 424 1919 ordinis
438 1855 522 1918 nulla
536 1857 622 1919 atlert
638 1855 778 1937 exempla
788 1855 848 1918 nisi
865 1857 992 1936 propria
1004 1851 1164 1936 Χρεμύλος

57 1947 108 2013 καλ
129 1947 315 2033 Κρατύλος,
346 1971 402 2019 seu
430 1971 507 2018 casu
527 1971 584 2018 seu
606 1955 678 2035 quia
697 1954 782 2017 nulla
803 1960 908 2018 extant
935 1955 995 2017 nisi
1017 1960 1163 2032 oxytona.
1190 1969 1201 1990 ·

57 2049 318 2132 Proparonytona
345 2070 419 2135 ergo
447 2060 519 2120 sunt
546 2052 733 2133 appellativa
765 2069 895 2134 quorum
924 2051 1165 2134 antepenultima

58 2148 216 2228 positione
236 2150 426 2237 producitur,
454 2148 620 2228 κόνδυλος,
649 2146 840 2233 σφόνδυλος·
860 2146 897 2214 τὸ
918 2145 1091 2226 δὲ”Αξυλος
1110 2147 1164 2215 not

52 2239 185 2323 Ὄξυλος
210 2244 333 2324 τούτοις
352 2244 564 2334 ἠκολούθησε,
599 2258 727 2334 propter
749 2267 918 2316 consonam
937 2248 1103 2332 duplicem,
1129 2245 1164 2314 u't

60 2345 133 2411 dicit
145 2349 248 2412 Auen.
263 2347 399 2416 Craml
419 2349 468 2416 51.
489 2346 524 2414 tu
544 2343 730 2434 ἀμφοτέροις
741 2335 811 2430 mi}
831 2345 870 2414 ὂν
891 2343 951 2414 οὐκ
970 2343 1164 2414 ἀντιπίπτει.4

127 2615 155 2683 t]
181 2614 238 2669 lloc
265 2613 399 2671 exdram.
418 2615 439 2670 l.
459 2616 501 2672 bl.
526 2617 633 2686 reposui
655 2629 702 2684 pro
726 2611 865 2684 κρύκυλος.
905 2613 1025 2682 Sequens
1048 2613 1164 2690 ἄκρύλος

61 2702 215 2754 auctoritato
235 2699 334 2754 codicis
352 2701 428 2754 omisi
447 2714 463 2754 a
481 2714 510 2756 re
528 2701 663 2768 proposita
682 2698 804 2752 alienum.

125 2792 155 2860 2)
182 2793 370 2860 Σεσημείωται
388 2789 542 2848 coicientes
566 2792 612 2841 καὶ
630 2789 743 2858 ὄγκυλος
765 2789 843 2844 scrib.
865 2788 975 2846 Οἴτυλος
992 2789 1039 2841 καὶ
1050 2789 1165 2858 &lyciae

65 2873 189 2944 (steph).
225 2871 322 2928 Osanni
341 2876 516 2930 correctiones
535 2873 568 2928 ad
585 2873 694 2928 Philam.
714 2888 741 2940 p.
761 2874 802 2928 55.
819 2873 921 2930 Ἴτυλος
938 2873 985 2924 καὶ
997 2872 1104 2932 Ὄξυλος
1119 2889 1163 2932 res

63 2959 118 3026 ipsa
133 2959 245 3024 respuit.
281 2955 357 3019 Quod
381 2957 492 3013 'lzetzes
517 2956 607 3011 scribit
626 2957 659 3010 ad
676 2957 737 3024 Lyc.
756 2957 815 3012 387.
840 2954 953 3027 κηρύλος
964 2955 1163 3028 παροξυτόνως,

64 3042 180 3110 utpotae
197 3039 228 3092 di
245 3039 489 3110 προπαροξυτόνως
508 3045 559 3095 eto.
582 3045 692 3094 sumtum
716 3045 756 3095 est
778 3053 794 3094 e
814 3037 903 3093 Schol.
922 3037 1002 3092 Arist.
1020 3038 1086 3093 Avv.
1104 3041 1162 3098 300.

64 3124 105 3178 ubi
122 3125 156 3180 de
175 3128 286 3179 accentu
303 3123 367 3176 nihil
384 3123 433 3178 sed
451 3125 529 3178 modo
547 3125 600 3178 boc
617 3124 719 3191 dicitur,
737 3121 767 3174 τὸ
791 3121 861 3174 κατὰ
884 3119 970 3190 φύσιν
997 3122 1086 3190 ὄνομα
1111 3127 1163 3176 κεί·

64 3208 137 3278 ρυλος
153 3207 286 3276 λέγεσθαι
306 3205 335 3273 (a
350 3205 456 3277 atticae).

127 3291 156 3359 3)
182 3290 323 3357 Goettling.
344 3306 370 3358 p.
390 3292 447 3347 185.
462 3290 587 3347 Ἀστολος
602 3292 739 3358 proponit,
764 3289 812 3344 sed
831 3288 996 3344 desideretur
1012 3287 1056 3342 bic
1076 3293 1103 3344 et
1121 3303 1164 3358 ap.

67 3373 177 3442 lbeogn.
197 3374 238 3430 61,
258 3388 361 3442 nomen,
381 3377 454 3442 cuius
473 3377 556 3443 prima
573 3375 627 3428 iota
645 3375 759 3428 continet
776 3377 804 3426 ut
821 3372 949 3430 Σίπυλος,
974 3373 1096 3432 πίτυλος,
1120 3377 1164 3442 μί-

67 3458 145 3515 τυλος.
168 3456 286 3514 Πίπυλος
303 3458 404 3525 alauda,
417 3469 420 3482 ·
431 3458 501 3526 quod
524 3456 565 3510 Du
583 3455 696 3524 Congius
722 3471 755 3512 er
770 3455 859 3510 Scbol.
877 3453 925 3509 ltls.
944 3454 1054 3510 Theocr.
1072 3454 1103 3510 x.
1122 3459 1164 3514 50.

67 3541 167 3609 prolert,
186 3543 319 3596 recentius
337 3542 458 3608 videtur;
476 3541 591 3592 Πλτολον
608 3537 770 3613 ὀρνιθάριόν
786 3556 812 3589 τι
830 3537 928 3609 ἄγριον
945 3537 1009 3592 llos.
1027 3539 1163 3594 incertum.

126 3628 155 3695 l)
182 3629 213 3682 ln
230 3625 282 3681 boc
297 3625 484 3694 Epimcrismo,
510 3625 584 3691 cujus
613 3628 690 3692 caput
709 3628 781 3679 extat
800 3623 827 3674 in
843 3621 901 3675 EM.
920 3625 946 3676 et
967 3621 1034 3675 Gud.
1055 3627 1165 3689 quatuor

68 3716 238 3779 proponuntur
255 3723 369 3764 canones
387 3709 435 3764 sed
454 3707 545 3762 ordine
564 3707 713 3775 perturbato
737 3706 877 3773 multisque
900 3705 1014 3758 omissis.
1048 3703 1087 3758 Ex
1111 3706 1165 3760 illis

70 3792 132 3846 ολιυ
150 3793 180 3846 τὸ
192 3792 300 3854 Ὄξυλος
318 3793 365 3844 καὶ
376 3791 484 3851 Ἀξυλος
501 3790 627 3858 conjicias
645 3795 704 3846 ante
723 3786 791 3840 odra
810 3788 942 3844 excidisse
968 3801 1063 3841 nomen
1087 3789 1164 3854 ejus-

73 3875 125 3932 dem
140 3878 247 3942 moduli,
268 3875 317 3930 sed
335 3875 525 3929 conconvenit
542 3873 612 3942 quod
624 3872 756 3928 antecedit
767 3869 843 3941 παρὰ
861 3869 891 3922 τὸ
909 3868 1010 3938 tociaco
1027 3867 1165 3939 δραμύλος

72 3955 186 4012 ἐναντίον
203 3965 260 4017 τοῖς
277 3956 331 4011 ἀπὸ
349 3959 425 4012 θέσει
442 3955 553 4026 μακρᾶς
570 3955 735 4026 ἀρχομένοις
757 3957 873 4023 κυρίοις,
896 3954 948 4006 nisi
971 3952 1019 4006 luit
1041 3951 1116 4022 παρὰ
1134 3951 1163 4004 τύ

74 4038 162 4107 optent
182 4040 319 4114 Δρύξυλος
342 4043 389 4096 καλ
411 4040 554 4098 Δύιιτυλος.
595 4039 651 4096 lloc
671 4040 741 4096 enim
767 4049 862 4094 nomen
884 4037 999 4092 nonnulli
1024 4050 1040 4092 a
1066 4033 1166 4105 ιλρᾶξυι

76 4129 188 4190 repetunt.
1159 4141 1161 4146 ’
