<?xml version="1.0" encoding="UTF-8"?>
<!DOCTYPE html PUBLIC "-//W3C//DTD XHTML 1.0 Transitional//EN"
    "http://www.w3.org/TR/xhtml1/DTD/xhtml1-transitional.dtd">
<html xmlns="http://www.w3.org/1999/xhtml" xml:lang="en" lang="en">
 <head>
  <title>
</title>
<meta http-equiv="Content-Type" content="text/html;charset=utf-8" />
  <meta name='ocr-system' content='tesseract 3.04.00' />
  <meta name='ocr-capabilities' content='ocr_page ocr_carea ocr_par ocr_line ocrx_word'/>
</head>
<body>
  <div class='ocr_page' id='page_1' title='image "./pathologiaeserm01lobegoog_0354.png"; bbox 0 0 2772 4992; ppageno 0'>
   <div class='ocr_carea' id='block_1_1' title="bbox 13 255 1147 348">
    <p class='ocr_par' dir='ltr' id='par_1_1' title="bbox 13 255 1147 348">
     <span class='ocr_line' id='line_1_1' title="bbox 13 255 1147 348; baseline -0.016 -4"><span class='ocrx_word' id='word_1_1' title='bbox 13 275 87 344; x_wconf 88' lang='lat' dir='ltr'><strong>DE</strong></span> <span class='ocrx_word' id='word_1_2' title='bbox 120 270 218 340; x_wconf 80' lang='lat' dir='ltr'><strong>hon.</strong></span> <span class='ocrx_word' id='word_1_3' title='bbox 238 265 403 348; x_wconf 81' lang='lat' dir='ltr'><strong>QUORUM</strong></span> <span class='ocrx_word' id='word_1_4' title='bbox 415 261 528 330; x_wconf 82' lang='lat' dir='ltr'><strong>CHAR.</strong></span> <span class='ocrx_word' id='word_1_5' title='bbox 542 258 618 326; x_wconf 81' lang='lat' dir='ltr'><strong>EST</strong></span> <span class='ocrx_word' id='word_1_6' title='bbox 633 255 850 324; x_wconf 81' lang='lat' dir='ltr'>GUTTURAL.</span> <span class='ocrx_word' id='word_1_7' title='bbox 874 257 964 327; x_wconf 79' lang='lat' dir='ltr'><strong>oin.</strong></span> <span class='ocrx_word' id='word_1_8' title='bbox 978 267 1008 337; x_wconf 76' lang='lat'><strong>§-</strong></span> <span class='ocrx_word' id='word_1_9' title='bbox 1021 260 1051 327; x_wconf 87' lang='grc'><strong>3.</strong></span> <span class='ocrx_word' id='word_1_10' title='bbox 1078 261 1147 329; x_wconf 76' lang='grc'><strong>331)</strong></span> 
     </span>
    </p>
   </div>
   <div class='ocr_carea' id='block_1_2' title="bbox 10 423 1146 3779">
    <p class='ocr_par' dir='ltr' id='par_1_2' title="bbox 10 423 1146 3779">
     <span class='ocr_line' id='line_1_2' title="bbox 10 423 1145 515; baseline -0.012 -11"><span class='ocrx_word' id='word_1_11' title='bbox 10 439 123 504; x_wconf 91' lang='lat' dir='ltr'><strong>illius</strong></span> <span class='ocrx_word' id='word_1_12' title='bbox 161 434 301 515; x_wconf 84' lang='lat' dir='ltr'><strong>exempla</strong></span> <span class='ocrx_word' id='word_1_13' title='bbox 328 441 484 514; x_wconf 89' lang='lat' dir='ltr'><strong>perpauca</strong></span> <span class='ocrx_word' id='word_1_14' title='bbox 512 430 585 491; x_wconf 90' lang='lat' dir='ltr'><strong>suut</strong></span> <span class='ocrx_word' id='word_1_15' title='bbox 614 430 645 488; x_wconf 94' lang='lat' dir='ltr'><strong>et</strong></span> <span class='ocrx_word' id='word_1_16' title='bbox 677 424 813 488; x_wconf 84' lang='lat' dir='ltr'><strong>tortasse</strong></span> <span class='ocrx_word' id='word_1_17' title='bbox 839 439 879 488; x_wconf 88' lang='lat' dir='ltr'><strong>ne</strong></span> <span class='ocrx_word' id='word_1_18' title='bbox 904 441 997 490; x_wconf 93' lang='lat' dir='ltr'><strong>unum</strong></span> <span class='ocrx_word' id='word_1_19' title='bbox 1023 423 1145 507; x_wconf 86' lang='lat' dir='ltr'><strong>quidem</strong></span> 
     </span>
     <span class='ocr_line' id='line_1_3' title="bbox 10 521 1146 622; baseline -0.013 -19"><span class='ocrx_word' id='word_1_20' title='bbox 10 537 125 622; x_wconf 89' lang='lat' dir='ltr'><strong>qnod</strong></span> <span class='ocrx_word' id='word_1_21' title='bbox 152 537 222 601; x_wconf 90' lang='lat' dir='ltr'><strong>sine</strong></span> <span class='ocrx_word' id='word_1_22' title='bbox 249 533 312 596; x_wconf 88' lang='lat' dir='ltr'><strong>ulla</strong></span> <span class='ocrx_word' id='word_1_23' title='bbox 335 529 524 596; x_wconf 79' lang='lat' dir='ltr'><strong>dubitatione</strong></span> <span class='ocrx_word' id='word_1_24' title='bbox 550 539 738 605; x_wconf 79' lang='lat' dir='ltr'><strong>paragogum</strong></span> <span class='ocrx_word' id='word_1_25' title='bbox 765 521 824 585; x_wconf 87' lang='lat' dir='ltr'><strong>diei</strong></span> <span class='ocrx_word' id='word_1_26' title='bbox 850 525 961 603; x_wconf 83' lang='lat' dir='ltr'><strong>possit.</strong></span> <span class='ocrx_word' id='word_1_27' title='bbox 1003 521 1146 607; x_wconf 84' lang='grc' dir='ltr'><em>Δρύοχος</em></span> 
     </span>
     <span class='ocr_line' id='line_1_4' title="bbox 11 621 1144 713; baseline -0.014 -12"><span class='ocrx_word' id='word_1_28' title='bbox 11 638 120 702; x_wconf 87' lang='lat' dir='ltr'><strong>eninr</strong></span> <span class='ocrx_word' id='word_1_29' title='bbox 149 642 180 698; x_wconf 91' lang='lat' dir='ltr'><strong>et</strong></span> <span class='ocrx_word' id='word_1_30' title='bbox 208 627 335 713; x_wconf 72' lang='grc' dir='ltr'><em>ξύλοχος</em></span> <span class='ocrx_word' id='word_1_31' title='bbox 368 625 541 706; x_wconf 87' lang='lat' dir='ltr'><strong>composita</strong></span> <span class='ocrx_word' id='word_1_32' title='bbox 564 637 650 686; x_wconf 66' lang='lat' dir='ltr'><strong>‘esse</strong></span> <span class='ocrx_word' id='word_1_33' title='bbox 683 621 851 685; x_wconf 89' lang='lat' dir='ltr'><strong>communis</strong></span> <span class='ocrx_word' id='word_1_34' title='bbox 885 622 1048 702; x_wconf 75' lang='lat' dir='ltr'><strong>persuasio</strong></span> <span class='ocrx_word' id='word_1_35' title='bbox 1086 629 1144 706; x_wconf 82' lang='lat' dir='ltr'><strong>est,</strong></span> 
     </span>
     <span class='ocr_line' id='line_1_5' title="bbox 11 719 1144 802; baseline -0.014 -2"><span class='ocrx_word' id='word_1_36' title='bbox 11 737 76 800; x_wconf 86' lang='lat' dir='ltr'><strong>oui</strong></span> <span class='ocrx_word' id='word_1_37' title='bbox 105 733 281 796; x_wconf 87' lang='lat' dir='ltr'><strong>reclamare</strong></span> <span class='ocrx_word' id='word_1_38' title='bbox 302 728 376 792; x_wconf 94' lang='lat' dir='ltr'><strong>uolo</strong></span> <span class='ocrx_word' id='word_1_39' title='bbox 400 725 460 790; x_wconf 93' lang='lat' dir='ltr'><strong>etsi</strong></span> <span class='ocrx_word' id='word_1_40' title='bbox 481 721 734 802; x_wconf 84' lang='lat' dir='ltr'><strong>sigoidoationem</strong></span> <span class='ocrx_word' id='word_1_41' title='bbox 762 719 943 800; x_wconf 85' lang='lat' dir='ltr'><strong>simplicium</strong></span> <span class='ocrx_word' id='word_1_42' title='bbox 973 719 1086 782; x_wconf 92' lang='lat' dir='ltr'><strong>babent</strong></span> <span class='ocrx_word' id='word_1_43' title='bbox 1114 725 1144 784; x_wconf 90' lang='lat' dir='ltr'><strong>et</strong></span> 
     </span>
     <span class='ocr_line' id='line_1_6' title="bbox 11 816 1142 911; baseline -0.016 -12"><span class='ocrx_word' id='word_1_44' title='bbox 11 833 150 899; x_wconf 90' lang='lat' dir='ltr'><strong>similis</strong></span> <span class='ocrx_word' id='word_1_45' title='bbox 181 831 356 911; x_wconf 83' lang='lat' dir='ltr'><strong>patagogae</strong></span> <span class='ocrx_word' id='word_1_46' title='bbox 383 824 518 905; x_wconf 90' lang='lat' dir='ltr'><strong>speciem</strong></span> <span class='ocrx_word' id='word_1_47' title='bbox 547 818 675 901; x_wconf 90' lang='lat' dir='ltr'><strong>praebet</strong></span> <span class='ocrx_word' id='word_1_48' title='bbox 701 816 888 897; x_wconf 88' lang='lat' dir='ltr'><strong>gentilicium</strong></span> <span class='ocrx_word' id='word_1_49' title='bbox 914 817 989 881; x_wconf 92' lang='lat' dir='ltr'><strong>illud</strong></span> <span class='ocrx_word' id='word_1_50' title='bbox 1016 817 1054 881; x_wconf 95' lang='lat' dir='ltr'><strong>de</strong></span> <span class='ocrx_word' id='word_1_51' title='bbox 1082 834 1142 897; x_wconf 85' lang='lat' dir='ltr'><strong>qno</strong></span> 
     </span>
     <span class='ocr_line' id='line_1_7' title="bbox 13 911 1145 1013; baseline -0.016 -16"><span class='ocrx_word' id='word_1_52' title='bbox 13 931 234 1013; x_wconf 79' lang='lat' dir='ltr'><strong>Stephanus:</strong></span> <span class='ocrx_word' id='word_1_53' title='bbox 274 922 388 1006; x_wconf 82' lang='grc' dir='ltr'><em>Τάοχοι</em></span> <span class='ocrx_word' id='word_1_54' title='bbox 407 955 449 968; x_wconf 87' lang='grc'><em>-</em></span> <span class='ocrx_word' id='word_1_55' title='bbox 469 915 600 991; x_wconf 79' lang='grc' dir='ltr'><em>τούτους</em></span> <span class='ocrx_word' id='word_1_56' title='bbox 626 911 705 989; x_wconf 78' lang='grc' dir='ltr'><em>τινὲς</em></span> <span class='ocrx_word' id='word_1_57' title='bbox 738 911 843 989; x_wconf 82' lang='grc' dir='ltr'><em>Τάους</em></span> <span class='ocrx_word' id='word_1_58' title='bbox 867 917 1004 980; x_wconf 82' lang='grc' dir='ltr'><strong>καλοῦσι.</strong></span> <span class='ocrx_word' id='word_1_59' title='bbox 1039 916 1145 996; x_wconf 82' lang='lat' dir='ltr'><strong>ignote</strong></span> 
     </span>
     <span class='ocr_line' id='line_1_8' title="bbox 13 1011 1143 1110; baseline -0.019 -13"><span class='ocrx_word' id='word_1_60' title='bbox 13 1037 109 1097; x_wconf 91' lang='lat' dir='ltr'><strong>sunt</strong></span> <span class='ocrx_word' id='word_1_61' title='bbox 133 1023 249 1110; x_wconf 81' lang='grc' dir='ltr'><em>δάοχος</em></span> <span class='ocrx_word' id='word_1_62' title='bbox 270 1021 480 1101; x_wconf 69' lang='lat' dir='ltr'><strong>etheldagus,</strong></span> <span class='ocrx_word' id='word_1_63' title='bbox 502 1033 581 1098; x_wconf 89' lang='lat' dir='ltr'><strong>quae</strong></span> <span class='ocrx_word' id='word_1_64' title='bbox 601 1013 775 1093; x_wconf 77' lang='lat' dir='ltr'><strong>Hesychius</strong></span> <span class='ocrx_word' id='word_1_65' title='bbox 796 1011 903 1096; x_wconf 87' lang='grc' dir='ltr'><em>μοιχός</em></span> <span class='ocrx_word' id='word_1_66' title='bbox 921 1016 1143 1098; x_wconf 88' lang='lat' dir='ltr'><strong>interpretatur,</strong></span> 
     </span>
     <span class='ocr_line' id='line_1_9' title="bbox 13 1107 1144 1210; baseline -0.018 -15"><span class='ocrx_word' id='word_1_67' title='bbox 13 1125 184 1210; x_wconf 77' lang='grc' dir='ltr'><em>ἇστίοχος</em></span> <span class='ocrx_word' id='word_1_68' title='bbox 203 1126 296 1190; x_wconf 90' lang='lat' dir='ltr'><strong>telum</strong></span> <span class='ocrx_word' id='word_1_69' title='bbox 309 1118 538 1198; x_wconf 84' lang='lat' dir='ltr'><strong>incendiarium,</strong></span> <span class='ocrx_word' id='word_1_70' title='bbox 560 1107 732 1196; x_wconf 72' lang='grc' dir='ltr'><em>ἀχάλλοχου</em></span> <span class='ocrx_word' id='word_1_71' title='bbox 745 1112 839 1176; x_wconf 84' lang='lat' dir='ltr'><strong>arbor</strong></span> <span class='ocrx_word' id='word_1_72' title='bbox 853 1113 957 1178; x_wconf 89' lang='lat' dir='ltr'><strong>indica</strong></span> <span class='ocrx_word' id='word_1_73' title='bbox 974 1120 1032 1178; x_wconf 89' lang='lat' dir='ltr'><strong>etc.</strong></span> <span class='ocrx_word' id='word_1_74' title='bbox 1063 1114 1144 1177; x_wconf 88' lang='lat' dir='ltr'><strong>Pro-</strong></span> 
     </span>
     <span class='ocr_line' id='line_1_10' title="bbox 14 1205 1145 1312; baseline -0.017 -18"><span class='ocrx_word' id='word_1_75' title='bbox 14 1231 138 1312; x_wconf 90' lang='lat' dir='ltr'><strong>prium</strong></span> <span class='ocrx_word' id='word_1_76' title='bbox 163 1222 306 1289; x_wconf 81' lang='lat' dir='ltr'><strong>Thessali</strong></span> <span class='ocrx_word' id='word_1_77' title='bbox 327 1216 487 1300; x_wconf 83' lang='lat' dir='ltr'><strong>eujusdam</strong></span> <span class='ocrx_word' id='word_1_78' title='bbox 513 1229 625 1277; x_wconf 91' lang='lat' dir='ltr'><strong>nomen</strong></span> <span class='ocrx_word' id='word_1_79' title='bbox 646 1205 769 1293; x_wconf 75' lang='grc' dir='ltr'><em>Δάοχος</em></span> <span class='ocrx_word' id='word_1_80' title='bbox 789 1211 955 1290; x_wconf 78' lang='lat' dir='ltr'><strong>syntbetou</strong></span> <span class='ocrx_word' id='word_1_81' title='bbox 974 1211 1092 1275; x_wconf 91' lang='lat' dir='ltr'><strong>videtur</strong></span> <span class='ocrx_word' id='word_1_82' title='bbox 1112 1218 1145 1275; x_wconf 90' lang='lat' dir='ltr'><strong>ut</strong></span> 
     </span>
     <span class='ocr_line' id='line_1_11' title="bbox 10 1307 1144 1409; baseline -0.016 -17"><span class='ocrx_word' id='word_1_83' title='bbox 10 1325 165 1409; x_wconf 83' lang='grc' dir='ltr'><em>’Ἀυοχος</em></span> <span class='ocrx_word' id='word_1_84' title='bbox 185 1324 275 1388; x_wconf 74' lang='lat' dir='ltr'><strong>Faus,</strong></span> <span class='ocrx_word' id='word_1_85' title='bbox 288 1320 336 1383; x_wconf 77' lang='lat' dir='ltr'><strong>tt.</strong></span> <span class='ocrx_word' id='word_1_86' title='bbox 352 1317 399 1398; x_wconf 82' lang='grc'><strong>14,</strong></span> <span class='ocrx_word' id='word_1_87' title='bbox 415 1314 443 1379; x_wconf 88' lang='grc'><strong>5.</strong></span> <span class='ocrx_word' id='word_1_88' title='bbox 465 1311 600 1394; x_wconf 78' lang='grc' dir='ltr'><em>Δηίοχος</em></span> <span class='ocrx_word' id='word_1_89' title='bbox 619 1311 706 1374; x_wconf 87' lang='lat' dir='ltr'><strong>Hom.</strong></span> <span class='ocrx_word' id='word_1_90' title='bbox 729 1307 874 1391; x_wconf 79' lang='grc' dir='ltr'><em>Δεξίοχος</em></span> <span class='ocrx_word' id='word_1_91' title='bbox 893 1311 995 1376; x_wconf 88' lang='lat' dir='ltr'><strong>Nonn.</strong></span> <span class='ocrx_word' id='word_1_92' title='bbox 1014 1309 1144 1375; x_wconf 82' lang='lat' dir='ltr'><strong>xxviii.</strong></span> 
     </span>
     <span class='ocr_line' id='line_1_12' title="bbox 19 1395 1145 1506; baseline -0.018 -14"><span class='ocrx_word' id='word_1_93' title='bbox 19 1427 82 1492; x_wconf 90' lang='grc'><strong>56.</strong></span> <span class='ocrx_word' id='word_1_94' title='bbox 112 1423 240 1504; x_wconf 89' lang='lat' dir='ltr'><strong>(omiss.</strong></span> <span class='ocrx_word' id='word_1_95' title='bbox 260 1421 293 1483; x_wconf 88' lang='lat' dir='ltr'><strong>in</strong></span> <span class='ocrx_word' id='word_1_96' title='bbox 314 1407 382 1496; x_wconf 80' lang='lat' dir='ltr'><strong>Th.)</strong></span> <span class='ocrx_word' id='word_1_97' title='bbox 412 1420 471 1477; x_wconf 91' lang='lat' dir='ltr'><strong>eto.</strong></span> <span class='ocrx_word' id='word_1_98' title='bbox 491 1411 604 1506; x_wconf 57' lang='lat'><strong>&#39;29⁰</strong></span> <span class='ocrx_word' id='word_1_99' title='bbox 624 1407 726 1472; x_wconf 85' lang='lat' dir='ltr'><strong>vocali</strong></span> <span class='ocrx_word' id='word_1_100' title='bbox 747 1395 783 1472; x_wconf 65' lang='grc' dir='ltr'><strong><em>ὦ</em></strong></span> <span class='ocrx_word' id='word_1_101' title='bbox 802 1424 932 1473; x_wconf 89' lang='lat' dir='ltr'><strong>securos</strong></span> <span class='ocrx_word' id='word_1_102' title='bbox 958 1425 1018 1473; x_wconf 92' lang='lat' dir='ltr'><strong>nos</strong></span> <span class='ocrx_word' id='word_1_103' title='bbox 1045 1409 1145 1473; x_wconf 88' lang='lat' dir='ltr'><strong>reddit</strong></span> 
     </span>
     <span class='ocr_line' id='line_1_13' title="bbox 20 1501 1145 1604; baseline -0.017 -15"><span class='ocrx_word' id='word_1_104' title='bbox 20 1526 260 1604; x_wconf 82' lang='lat' dir='ltr'><strong>Theognostus</strong></span> <span class='ocrx_word' id='word_1_105' title='bbox 282 1535 311 1599; x_wconf 93' lang='lat' dir='ltr'><strong>p.</strong></span> <span class='ocrx_word' id='word_1_106' title='bbox 333 1513 382 1580; x_wconf 76' lang='lat'><strong>¹16.</strong></span> <span class='ocrx_word' id='word_1_107' title='bbox 403 1505 443 1575; x_wconf 78' lang='grc' dir='ltr'><strong>τὰ</strong></span> <span class='ocrx_word' id='word_1_108' title='bbox 461 1508 504 1584; x_wconf 80' lang='grc' dir='ltr'><strong>εἰς</strong></span> <span class='ocrx_word' id='word_1_109' title='bbox 525 1530 588 1591; x_wconf 66' lang='lat' dir='ltr'><strong>epos</strong></span> <span class='ocrx_word' id='word_1_110' title='bbox 602 1501 681 1587; x_wconf 77' lang='grc' dir='ltr'><strong>ὑπὲρ</strong></span> <span class='ocrx_word' id='word_1_111' title='bbox 698 1501 925 1602; x_wconf 51' lang='lat' dir='ltr'><strong>dcc-evitabile</strong></span> <span class='ocrx_word' id='word_1_112' title='bbox 937 1501 996 1570; x_wconf 81' lang='grc' dir='ltr'><strong>οὐκ</strong></span> <span class='ocrx_word' id='word_1_113' title='bbox 1012 1501 1075 1572; x_wconf 80' lang='lat' dir='ltr'><strong>olda</strong></span> <span class='ocrx_word' id='word_1_114' title='bbox 1087 1502 1145 1590; x_wconf 76' lang='grc' dir='ltr'><strong>τὴν</strong></span> 
     </span>
     <span class='ocr_line' id='line_1_14' title="bbox 21 1595 1145 1702; baseline -0.015 -14"><span class='ocrx_word' id='word_1_115' title='bbox 21 1611 69 1702; x_wconf 65' lang='grc' dir='ltr'><strong>ἆ,</strong></span> <span class='ocrx_word' id='word_1_116' title='bbox 99 1621 274 1698; x_wconf 86' lang='lat' dir='ltr'><strong>eademque</strong></span> <span class='ocrx_word' id='word_1_117' title='bbox 295 1616 363 1693; x_wconf 88' lang='lat' dir='ltr'><strong>lege</strong></span> <span class='ocrx_word' id='word_1_118' title='bbox 384 1615 527 1675; x_wconf 91' lang='lat' dir='ltr'><strong>tenentur</strong></span> <span class='ocrx_word' id='word_1_119' title='bbox 546 1601 585 1670; x_wconf 82' lang='grc' dir='ltr'><strong>τὰ</strong></span> <span class='ocrx_word' id='word_1_120' title='bbox 599 1600 652 1669; x_wconf 83' lang='grc' dir='ltr'><strong>διὰ</strong></span> <span class='ocrx_word' id='word_1_121' title='bbox 671 1607 729 1669; x_wconf 79' lang='grc' dir='ltr'><strong>τοῦ</strong></span> <span class='ocrx_word' id='word_1_122' title='bbox 751 1627 799 1688; x_wconf 87' lang='grc' dir='ltr'><strong>ιχη</strong></span> <span class='ocrx_word' id='word_1_123' title='bbox 822 1623 849 1686; x_wconf 87' lang='lat' dir='ltr'><strong>p.</strong></span> <span class='ocrx_word' id='word_1_124' title='bbox 874 1604 941 1670; x_wconf 86' lang='lat'><strong>118.</strong></span> <span class='ocrx_word' id='word_1_125' title='bbox 976 1607 1083 1689; x_wconf 87' lang='lat' dir='ltr'><strong>Neqne</strong></span> <span class='ocrx_word' id='word_1_126' title='bbox 1105 1595 1145 1672; x_wconf 72' lang='lat' dir='ltr'><strong>oe</strong></span> 
     </span>
     <span class='ocr_line' id='line_1_15' title="bbox 23 1704 1144 1794; baseline -0.017 -6"><span class='ocrx_word' id='word_1_127' title='bbox 23 1723 179 1788; x_wconf 84' lang='lat' dir='ltr'><strong>cernitur</strong></span> <span class='ocrx_word' id='word_1_128' title='bbox 199 1718 231 1781; x_wconf 92' lang='lat' dir='ltr'><strong>in</strong></span> <span class='ocrx_word' id='word_1_129' title='bbox 248 1710 438 1794; x_wconf 77' lang='lat' dir='ltr'><strong>simplicibus</strong></span> <span class='ocrx_word' id='word_1_130' title='bbox 456 1709 516 1771; x_wconf 92' lang='lat' dir='ltr'><strong>nisi</strong></span> <span class='ocrx_word' id='word_1_131' title='bbox 527 1705 698 1787; x_wconf 81' lang='lat' dir='ltr'><strong>peregrinis</strong></span> <span class='ocrx_word' id='word_1_132' title='bbox 716 1705 878 1786; x_wconf 81' lang='grc' dir='ltr'><em>Δυδοῦχος</em></span> <span class='ocrx_word' id='word_1_133' title='bbox 893 1704 1007 1768; x_wconf 88' lang='lat' dir='ltr'><strong>Persae</strong></span> <span class='ocrx_word' id='word_1_134' title='bbox 1023 1723 1144 1790; x_wconf 90' lang='lat' dir='ltr'><strong>nomen,</strong></span> 
     </span>
     <span class='ocr_line' id='line_1_16' title="bbox 25 1801 1145 1904; baseline -0.016 -19"><span class='ocrx_word' id='word_1_135' title='bbox 25 1817 226 1904; x_wconf 77' lang='grc' dir='ltr'><em>Καρδοῦχοι</em></span> <span class='ocrx_word' id='word_1_136' title='bbox 246 1813 355 1894; x_wconf 81' lang='lat' dir='ltr'><strong>gentiS,</strong></span> <span class='ocrx_word' id='word_1_137' title='bbox 377 1802 556 1890; x_wconf 73' lang='grc' dir='ltr'><em>σάμψοτχος</em></span> <span class='ocrx_word' id='word_1_138' title='bbox 575 1806 641 1870; x_wconf 89' lang='lat' dir='ltr'><strong>sive</strong></span> <span class='ocrx_word' id='word_1_139' title='bbox 661 1804 846 1885; x_wconf 80' lang='grc' dir='ltr'><strong>συμψοῦχος.</strong></span> <span class='ocrx_word' id='word_1_140' title='bbox 889 1801 951 1867; x_wconf 88' lang='lat' dir='ltr'><strong>Sed</strong></span> <span class='ocrx_word' id='word_1_141' title='bbox 972 1801 1032 1866; x_wconf 92' lang='lat' dir='ltr'><strong>hoc</strong></span> <span class='ocrx_word' id='word_1_142' title='bbox 1053 1805 1145 1868; x_wconf 82' lang='lat' dir='ltr'><strong>eliam</strong></span> 
     </span>
     <span class='ocr_line' id='line_1_17' title="bbox 26 1899 1143 2002; baseline -0.017 -18"><span class='ocrx_word' id='word_1_143' title='bbox 26 1916 206 2002; x_wconf 69' lang='lat' dir='ltr'><strong>odppupoe</strong></span> <span class='ocrx_word' id='word_1_144' title='bbox 226 1913 337 1978; x_wconf 90' lang='lat' dir='ltr'><strong>dicitur</strong></span> <span class='ocrx_word' id='word_1_145' title='bbox 355 1907 457 1971; x_wconf 87' lang='lat' dir='ltr'><strong>vocali</strong></span> <span class='ocrx_word' id='word_1_146' title='bbox 484 1903 648 1985; x_wconf 90' lang='lat' dir='ltr'><strong>producta,</strong></span> <span class='ocrx_word' id='word_1_147' title='bbox 676 1919 754 1982; x_wconf 88' lang='lat' dir='ltr'><strong>qnae</strong></span> <span class='ocrx_word' id='word_1_148' title='bbox 775 1904 807 1966; x_wconf 90' lang='lat' dir='ltr'><strong>in</strong></span> <span class='ocrx_word' id='word_1_149' title='bbox 831 1899 991 1964; x_wconf 86' lang='lat' dir='ltr'><strong>vocabulis</strong></span> <span class='ocrx_word' id='word_1_150' title='bbox 1022 1904 1143 1980; x_wconf 87' lang='lat' dir='ltr'><strong>graecis</strong></span> 
     </span>
     <span class='ocr_line' id='line_1_18' title="bbox 27 1992 1144 2084; baseline -0.03 0"><span class='ocrx_word' id='word_1_151' title='bbox 27 2019 146 2084; x_wconf 88' lang='lat' dir='ltr'><strong>brevis</strong></span> <span class='ocrx_word' id='word_1_152' title='bbox 170 2019 227 2077; x_wconf 84' lang='lat' dir='ltr'><strong>est</strong></span> <span class='ocrx_word' id='word_1_153' title='bbox 272 2011 319 2074; x_wconf 83' lang='lat' dir='ltr'><strong>De</strong></span> <span class='ocrx_word' id='word_1_154' title='bbox 344 2009 392 2071; x_wconf 88' lang='lat' dir='ltr'><strong>bis</strong></span> <span class='ocrx_word' id='word_1_155' title='bbox 413 2005 465 2067; x_wconf 90' lang='lat' dir='ltr'><strong>ille</strong></span> <span class='ocrx_word' id='word_1_156' title='bbox 486 2019 586 2084; x_wconf 89' lang='lat' dir='ltr'><strong>panca</strong></span> <span class='ocrx_word' id='word_1_157' title='bbox 607 2001 752 2064; x_wconf 85' lang='lat' dir='ltr'><strong>delibavit</strong></span> <span class='ocrx_word' id='word_1_158' title='bbox 773 2017 801 2081; x_wconf 92' lang='lat' dir='ltr'><strong>p.</strong></span> <span class='ocrx_word' id='word_1_159' title='bbox 822 1999 871 2064; x_wconf 80' lang='grc'><strong>76.</strong></span> <span class='ocrx_word' id='word_1_160' title='bbox 897 1992 1025 2081; x_wconf 81' lang='grc' dir='ltr'><em>ἥσυχος,</em></span> <span class='ocrx_word' id='word_1_161' title='bbox 1052 1995 1144 2083; x_wconf 74' lang='lat' dir='ltr'><strong>dopo.</strong></span> 
     </span>
     <span class='ocr_line' id='line_1_19' title="bbox 26 2096 1144 2200; baseline -0.017 -19"><span class='ocrx_word' id='word_1_162' title='bbox 26 2140 108 2200; x_wconf 76' lang='grc' dir='ltr'><em>χος,</em></span> <span class='ocrx_word' id='word_1_163' title='bbox 138 2108 323 2198; x_wconf 79' lang='grc' dir='ltr'><em>βόστρυχος,</em></span> <span class='ocrx_word' id='word_1_164' title='bbox 352 2101 517 2185; x_wconf 77' lang='grc' dir='ltr'><em>Μόρυχος,</em></span> <span class='ocrx_word' id='word_1_165' title='bbox 545 2116 673 2180; x_wconf 83' lang='lat' dir='ltr'><strong>qnorum</strong></span> <span class='ocrx_word' id='word_1_166' title='bbox 696 2100 823 2180; x_wconf 91' lang='lat' dir='ltr'><strong>primum</strong></span> <span class='ocrx_word' id='word_1_167' title='bbox 850 2098 885 2161; x_wconf 91' lang='grc' dir='ltr'><strong>Η.</strong></span> <span class='ocrx_word' id='word_1_168' title='bbox 908 2096 1082 2179; x_wconf 81' lang='lat' dir='ltr'><strong>Stephanus</strong></span> <span class='ocrx_word' id='word_1_169' title='bbox 1105 2100 1144 2163; x_wconf 87' lang='lat' dir='ltr'><strong>ab</strong></span> 
     </span>
     <span class='ocr_line' id='line_1_20' title="bbox 28 2194 1142 2293; baseline -0.018 -12"><span class='ocrx_word' id='word_1_170' title='bbox 28 2214 190 2282; x_wconf 84' lang='lat' dir='ltr'><strong>adverbio</strong></span> <span class='ocrx_word' id='word_1_171' title='bbox 213 2201 273 2293; x_wconf 84' lang='grc' dir='ltr'><strong>ἦκα</strong></span> <span class='ocrx_word' id='word_1_172' title='bbox 293 2208 405 2288; x_wconf 90' lang='lat' dir='ltr'><strong>repetit</strong></span> <span class='ocrx_word' id='word_1_173' title='bbox 424 2202 608 2286; x_wconf 87' lang='lat' dir='ltr'><strong>probatione</strong></span> <span class='ocrx_word' id='word_1_174' title='bbox 628 2198 712 2261; x_wconf 89' lang='lat' dir='ltr'><strong>nnlla</strong></span> <span class='ocrx_word' id='word_1_175' title='bbox 732 2198 792 2260; x_wconf 87' lang='lat' dir='ltr'><strong>nisi</strong></span> <span class='ocrx_word' id='word_1_176' title='bbox 811 2195 895 2278; x_wconf 84' lang='lat' dir='ltr'><strong>quod</strong></span> <span class='ocrx_word' id='word_1_177' title='bbox 908 2194 1019 2260; x_wconf 84' lang='lat' dir='ltr'><strong>suidas</strong></span> <span class='ocrx_word' id='word_1_178' title='bbox 1033 2202 1066 2259; x_wconf 91' lang='lat' dir='ltr'><strong>et</strong></span> <span class='ocrx_word' id='word_1_179' title='bbox 1077 2197 1142 2262; x_wconf 81' lang='lat' dir='ltr'><strong>not</strong></span> 
     </span>
     <span class='ocr_line' id='line_1_21' title="bbox 26 2289 1143 2390; baseline -0.019 -11"><span class='ocrx_word' id='word_1_180' title='bbox 26 2314 114 2380; x_wconf 91' lang='lat' dir='ltr'><strong>illud</strong></span> <span class='ocrx_word' id='word_1_181' title='bbox 134 2304 365 2390; x_wconf 87' lang='lat' dir='ltr'><strong>interpretando</strong></span> <span class='ocrx_word' id='word_1_182' title='bbox 387 2299 500 2387; x_wconf 74' lang='grc' dir='ltr'><em>ἥκοιλος</em></span> <span class='ocrx_word' id='word_1_183' title='bbox 521 2299 695 2378; x_wconf 70' lang='lat' dir='ltr'><strong>subiiciunt.</strong></span> <span class='ocrx_word' id='word_1_184' title='bbox 719 2295 891 2360; x_wconf 88' lang='lat' dir='ltr'><strong>Secundum</strong></span> <span class='ocrx_word' id='word_1_185' title='bbox 912 2289 1061 2376; x_wconf 79' lang='grc' dir='ltr'><em>βότουχος</em></span> <span class='ocrx_word' id='word_1_186' title='bbox 1081 2295 1143 2376; x_wconf 86' lang='lat' dir='ltr'><strong>(sio</strong></span> 
     </span>
     <span class='ocr_line' id='line_1_22' title="bbox 31 2393 1144 2478; baseline -0.018 0"><span class='ocrx_word' id='word_1_187' title='bbox 31 2416 122 2478; x_wconf 88' lang='lat' dir='ltr'><strong>eninr</strong></span> <span class='ocrx_word' id='word_1_188' title='bbox 147 2406 287 2473; x_wconf 89' lang='lat' dir='ltr'><strong>emendat</strong></span> <span class='ocrx_word' id='word_1_189' title='bbox 306 2400 435 2468; x_wconf 86' lang='lat' dir='ltr'><strong>bleiueh.</strong></span> <span class='ocrx_word' id='word_1_190' title='bbox 459 2400 542 2464; x_wconf 86' lang='lat' dir='ltr'><strong>Com.</strong></span> <span class='ocrx_word' id='word_1_191' title='bbox 563 2398 611 2461; x_wconf 79' lang='lat' dir='ltr'><strong>Fr.</strong></span> <span class='ocrx_word' id='word_1_192' title='bbox 626 2397 662 2461; x_wconf 90' lang='lat' dir='ltr'><strong>ll.</strong></span> <span class='ocrx_word' id='word_1_193' title='bbox 676 2395 760 2476; x_wconf 85' lang='grc'><strong>355.)</strong></span> <span class='ocrx_word' id='word_1_194' title='bbox 784 2400 814 2460; x_wconf 93' lang='lat' dir='ltr'><strong>et</strong></span> <span class='ocrx_word' id='word_1_195' title='bbox 836 2394 954 2457; x_wconf 89' lang='lat' dir='ltr'><strong>tertium</strong></span> <span class='ocrx_word' id='word_1_196' title='bbox 973 2393 1054 2458; x_wconf 87' lang='lat' dir='ltr'><strong>unde</strong></span> <span class='ocrx_word' id='word_1_197' title='bbox 1077 2397 1144 2458; x_wconf 89' lang='lat' dir='ltr'><strong>ori·</strong></span> 
     </span>
     <span class='ocr_line' id='line_1_23' title="bbox 30 2487 1145 2595; baseline -0.02 -17"><span class='ocrx_word' id='word_1_198' title='bbox 30 2516 144 2595; x_wconf 56' lang='lat' dir='ltr'><strong>mnam</strong></span> <span class='ocrx_word' id='word_1_199' title='bbox 167 2507 313 2588; x_wconf 81' lang='lat' dir='ltr'><strong>ceperint,</strong></span> <span class='ocrx_word' id='word_1_200' title='bbox 334 2501 425 2565; x_wconf 89' lang='lat' dir='ltr'><strong>docet</strong></span> <span class='ocrx_word' id='word_1_201' title='bbox 445 2498 511 2562; x_wconf 86' lang='lat' dir='ltr'><strong>EM.</strong></span> <span class='ocrx_word' id='word_1_202' title='bbox 532 2497 602 2578; x_wconf 83' lang='lat'>205,</span> <span class='ocrx_word' id='word_1_203' title='bbox 623 2495 673 2559; x_wconf 83' lang='lat'><strong>32.</strong></span> <span class='ocrx_word' id='word_1_204' title='bbox 699 2488 786 2572; x_wconf 80' lang='grc' dir='ltr'><strong><em>παρὰ</em></strong></span> <span class='ocrx_word' id='word_1_205' title='bbox 811 2487 867 2555; x_wconf 81' lang='grc' dir='ltr'><strong>τὸυ</strong></span> <span class='ocrx_word' id='word_1_206' title='bbox 894 2488 1010 2575; x_wconf 80' lang='grc' dir='ltr'><strong><em>βότρυν</em></strong></span> <span class='ocrx_word' id='word_1_207' title='bbox 1029 2488 1145 2575; x_wconf 76' lang='grc' dir='ltr'><em>βότρυ-</em></span> 
     </span>
     <span class='ocr_line' id='line_1_24' title="bbox 31 2591 1144 2696; baseline -0.022 -19"><span class='ocrx_word' id='word_1_208' title='bbox 31 2635 91 2696; x_wconf 87' lang='grc' dir='ltr'><strong>χος</strong></span> <span class='ocrx_word' id='word_1_209' title='bbox 115 2605 172 2674; x_wconf 73' lang='grc' dir='ltr'><strong>καὶ</strong></span> <span class='ocrx_word' id='word_1_210' title='bbox 190 2601 358 2688; x_wconf 79' lang='grc' dir='ltr'><em>βόστρυχος</em></span> <span class='ocrx_word' id='word_1_211' title='bbox 379 2592 397 2662; x_wconf 85' lang='grc' dir='ltr'><em>ὅ</em></span> <span class='ocrx_word' id='word_1_212' title='bbox 418 2596 595 2679; x_wconf 72' lang='grc' dir='ltr'><em>βοτρυείδης</em></span> <span class='ocrx_word' id='word_1_213' title='bbox 613 2594 764 2674; x_wconf 84' lang='lat' dir='ltr'><strong>adjectivo</strong></span> <span class='ocrx_word' id='word_1_214' title='bbox 786 2591 998 2654; x_wconf 77' lang='lat' dir='ltr'><strong>intellectuat</strong></span> <span class='ocrx_word' id='word_1_215' title='bbox 1013 2591 1144 2673; x_wconf 77' lang='lat' dir='ltr'><strong>bostry-</strong></span> 
     </span>
     <span class='ocr_line' id='line_1_25' title="bbox 33 2689 1144 2775; baseline -0.019 0"><span class='ocrx_word' id='word_1_216' title='bbox 33 2712 87 2775; x_wconf 83' lang='lat' dir='ltr'><strong>cbi</strong></span> <span class='ocrx_word' id='word_1_217' title='bbox 106 2704 347 2772; x_wconf 68' lang='lat' dir='ltr'><strong>emeesMatern.</strong></span> <span class='ocrx_word' id='word_1_218' title='bbox 360 2699 448 2761; x_wconf 84' lang='lat' dir='ltr'><strong>Firm.</strong></span> <span class='ocrx_word' id='word_1_219' title='bbox 462 2696 663 2760; x_wconf 89' lang='lat' dir='ltr'><strong>Notissimum</strong></span> <span class='ocrx_word' id='word_1_220' title='bbox 677 2698 725 2755; x_wconf 89' lang='lat' dir='ltr'><strong>est</strong></span> <span class='ocrx_word' id='word_1_221' title='bbox 739 2689 891 2753; x_wconf 90' lang='lat' dir='ltr'><strong>helluonis</strong></span> <span class='ocrx_word' id='word_1_222' title='bbox 905 2690 988 2752; x_wconf 88' lang='lat' dir='ltr'><strong>attici</strong></span> <span class='ocrx_word' id='word_1_223' title='bbox 1002 2689 1144 2772; x_wconf 85' lang='lat' dir='ltr'><strong>idemque</strong></span> 
     </span>
     <span class='ocr_line' id='line_1_26' title="bbox 32 2786 1145 2886; baseline -0.019 -13"><span class='ocrx_word' id='word_1_224' title='bbox 32 2807 146 2874; x_wconf 92' lang='lat' dir='ltr'><strong>Liberi</strong></span> <span class='ocrx_word' id='word_1_225' title='bbox 167 2803 264 2886; x_wconf 88' lang='lat' dir='ltr'><strong>patris</strong></span> <span class='ocrx_word' id='word_1_226' title='bbox 286 2812 457 2878; x_wconf 86' lang='lat' dir='ltr'><strong>cognomen</strong></span> <span class='ocrx_word' id='word_1_227' title='bbox 478 2791 629 2879; x_wconf 83' lang='grc' dir='ltr'><em>Μόρυχος</em></span> <span class='ocrx_word' id='word_1_228' title='bbox 650 2786 801 2872; x_wconf 57' lang='grc' dir='ltr'><em>ομόρου,</em></span> <span class='ocrx_word' id='word_1_229' title='bbox 816 2795 849 2851; x_wconf 93' lang='lat' dir='ltr'><strong>ut</strong></span> <span class='ocrx_word' id='word_1_230' title='bbox 868 2792 961 2871; x_wconf 86' lang='lat' dir='ltr'><strong>ajunt,</strong></span> <span class='ocrx_word' id='word_1_231' title='bbox 983 2789 1032 2852; x_wconf 90' lang='lat' dir='ltr'><strong>vel</strong></span> <span class='ocrx_word' id='word_1_232' title='bbox 1053 2807 1071 2852; x_wconf 90' lang='lat' dir='ltr'><strong>a</strong></span> <span class='ocrx_word' id='word_1_233' title='bbox 1091 2811 1145 2870; x_wconf 79' lang='lat' dir='ltr'><strong>po·</strong></span> 
     </span>
     <span class='ocr_line' id='line_1_27' title="bbox 33 2884 1144 2990; baseline -0.018 -19"><span class='ocrx_word' id='word_1_234' title='bbox 33 2906 151 2990; x_wconf 79' lang='grc' dir='ltr'><em>ούσσω</em></span> <span class='ocrx_word' id='word_1_235' title='bbox 172 2922 201 2965; x_wconf 91' lang='lat' dir='ltr'><strong>v.</strong></span> <span class='ocrx_word' id='word_1_236' title='bbox 222 2900 379 2966; x_wconf 84' lang='lat' dir='ltr'><strong>Ruhnken.</strong></span> <span class='ocrx_word' id='word_1_237' title='bbox 406 2894 444 2959; x_wconf 86' lang='lat' dir='ltr'><strong>ad</strong></span> <span class='ocrx_word' id='word_1_238' title='bbox 467 2894 540 2958; x_wconf 81' lang='lat' dir='ltr'><strong>Tim.</strong></span> <span class='ocrx_word' id='word_1_239' title='bbox 563 2893 631 2960; x_wconf 89' lang='grc'><strong>183.</strong></span> <span class='ocrx_word' id='word_1_240' title='bbox 655 2889 711 2954; x_wconf 89' lang='lat' dir='ltr'><strong>sed</strong></span> <span class='ocrx_word' id='word_1_241' title='bbox 731 2884 980 2966; x_wconf 80' lang='lat' dir='ltr'><strong>Psalychidarum</strong></span> <span class='ocrx_word' id='word_1_242' title='bbox 1002 2887 1144 2968; x_wconf 86' lang='lat' dir='ltr'><strong>appella-</strong></span> 
     </span>
     <span class='ocr_line' id='line_1_28' title="bbox 36 2983 1144 3086; baseline -0.019 -15"><span class='ocrx_word' id='word_1_243' title='bbox 36 3009 81 3071; x_wconf 92' lang='lat' dir='ltr'><strong>tio</strong></span> <span class='ocrx_word' id='word_1_244' title='bbox 110 3001 184 3086; x_wconf 89' lang='lat' dir='ltr'><strong>quid</strong></span> <span class='ocrx_word' id='word_1_245' title='bbox 208 2999 357 3080; x_wconf 87' lang='lat' dir='ltr'><strong>signitioet</strong></span> <span class='ocrx_word' id='word_1_246' title='bbox 376 2991 633 3059; x_wconf 76' lang='lat' dir='ltr'><strong>Pindlsthmvl.</strong></span> <span class='ocrx_word' id='word_1_247' title='bbox 646 2989 695 3053; x_wconf 87' lang='grc'><strong>92.</strong></span> <span class='ocrx_word' id='word_1_248' title='bbox 717 3003 780 3049; x_wconf 92' lang='lat' dir='ltr'><strong>nou</strong></span> <span class='ocrx_word' id='word_1_249' title='bbox 802 2991 850 3049; x_wconf 92' lang='lat' dir='ltr'><strong>est</strong></span> <span class='ocrx_word' id='word_1_250' title='bbox 865 2983 1015 3049; x_wconf 89' lang='lat' dir='ltr'><strong>traditum.</strong></span> <span class='ocrx_word' id='word_1_251' title='bbox 1042 2986 1144 3050; x_wconf 81' lang='lat' dir='ltr'><strong>Femi-</strong></span> 
     </span>
     <span class='ocr_line' id='line_1_29' title="bbox 34 3078 1144 3172; baseline -0.022 -1"><span class='ocrx_word' id='word_1_252' title='bbox 34 3109 114 3170; x_wconf 90' lang='lat' dir='ltr'><strong>nina</strong></span> <span class='ocrx_word' id='word_1_253' title='bbox 141 3100 226 3165; x_wconf 93' lang='lat' dir='ltr'><strong>nulla</strong></span> <span class='ocrx_word' id='word_1_254' title='bbox 253 3104 323 3161; x_wconf 92' lang='lat' dir='ltr'><strong>sunt</strong></span> <span class='ocrx_word' id='word_1_255' title='bbox 351 3095 411 3158; x_wconf 90' lang='lat' dir='ltr'><strong>nisi</strong></span> <span class='ocrx_word' id='word_1_256' title='bbox 439 3097 491 3155; x_wconf 88' lang='lat' dir='ltr'><strong>aut</strong></span> <span class='ocrx_word' id='word_1_257' title='bbox 512 3091 639 3172; x_wconf 89' lang='lat' dir='ltr'><strong>propria</strong></span> <span class='ocrx_word' id='word_1_258' title='bbox 665 3095 698 3150; x_wconf 92' lang='lat' dir='ltr'><strong>ut</strong></span> <span class='ocrx_word' id='word_1_259' title='bbox 719 3078 844 3167; x_wconf 85' lang='grc' dir='ltr'><em>Σιμύχα</em></span> <span class='ocrx_word' id='word_1_260' title='bbox 865 3089 895 3146; x_wconf 82' lang='grc' dir='ltr'><strong>ο1</strong></span> <span class='ocrx_word' id='word_1_261' title='bbox 921 3079 1070 3167; x_wconf 71' lang='grc' dir='ltr'><strong>Τιμύχυ,1</strong></span> <span class='ocrx_word' id='word_1_262' title='bbox 1091 3091 1144 3147; x_wconf 86' lang='lat' dir='ltr'><strong>ant</strong></span> 
     </span>
     <span class='ocr_line' id='line_1_30' title="bbox 33 3180 1145 3278; baseline -0.018 -12"><span class='ocrx_word' id='word_1_263' title='bbox 33 3202 180 3270; x_wconf 83' lang='lat' dir='ltr'><strong>verbalia</strong></span> <span class='ocrx_word' id='word_1_264' title='bbox 201 3206 233 3263; x_wconf 91' lang='lat' dir='ltr'><strong>nt</strong></span> <span class='ocrx_word' id='word_1_265' title='bbox 253 3190 349 3278; x_wconf 72' lang='grc' dir='ltr'><em>ἀλυχή</em></span> <span class='ocrx_word' id='word_1_266' title='bbox 372 3197 403 3256; x_wconf 93' lang='lat' dir='ltr'><strong>et</strong></span> <span class='ocrx_word' id='word_1_267' title='bbox 422 3184 534 3274; x_wconf 70' lang='grc' dir='ltr'><em>ἄμοχή,</em></span> <span class='ocrx_word' id='word_1_268' title='bbox 563 3203 693 3270; x_wconf 88' lang='lat' dir='ltr'><strong>quorum</strong></span> <span class='ocrx_word' id='word_1_269' title='bbox 714 3185 898 3248; x_wconf 86' lang='lat' dir='ltr'><strong>alterutrum</strong></span> <span class='ocrx_word' id='word_1_270' title='bbox 913 3182 1032 3245; x_wconf 89' lang='lat' dir='ltr'><strong>restitui</strong></span> <span class='ocrx_word' id='word_1_271' title='bbox 1054 3180 1145 3248; x_wconf 92' lang='lat' dir='ltr'><strong>debet</strong></span> 
     </span>
     <span class='ocr_line' id='line_1_31' title="bbox 34 3281 1143 3379; baseline -0.021 -11"><span class='ocrx_word' id='word_1_272' title='bbox 34 3300 155 3367; x_wconf 62' lang='lat' dir='ltr'><strong>moad.</strong></span> <span class='ocrx_word' id='word_1_273' title='bbox 176 3316 205 3379; x_wconf 91' lang='lat' dir='ltr'><strong>p.</strong></span> <span class='ocrx_word' id='word_1_274' title='bbox 229 3295 296 3362; x_wconf 88' lang='lat'><strong>115.</strong></span> <span class='ocrx_word' id='word_1_275' title='bbox 316 3310 374 3377; x_wconf 94' lang='lat' dir='ltr'><strong>pro</strong></span> <span class='ocrx_word' id='word_1_276' title='bbox 396 3283 507 3372; x_wconf 70' lang='grc' dir='ltr'><strong>ἀλοχή.</strong></span> <span class='ocrx_word' id='word_1_277' title='bbox 545 3289 629 3352; x_wconf 90' lang='lat' dir='ltr'><strong>Haec</strong></span> <span class='ocrx_word' id='word_1_278' title='bbox 651 3290 751 3348; x_wconf 89' lang='lat' dir='ltr'><strong>autern</strong></span> <span class='ocrx_word' id='word_1_279' title='bbox 771 3281 900 3362; x_wconf 86' lang='lat' dir='ltr'><strong>vocalis,</strong></span> <span class='ocrx_word' id='word_1_280' title='bbox 921 3296 1011 3360; x_wconf 83' lang='lat' dir='ltr'><strong>quam</strong></span> <span class='ocrx_word' id='word_1_281' title='bbox 1031 3296 1143 3346; x_wconf 90' lang='lat' dir='ltr'><strong>nomeu</strong></span> 
     </span>
     <span class='ocr_line' id='line_1_32' title="bbox 35 3379 1144 3472; baseline -0.025 -5"><span class='ocrx_word' id='word_1_282' title='bbox 35 3402 127 3467; x_wconf 92' lang='lat' dir='ltr'><strong>urbis</strong></span> <span class='ocrx_word' id='word_1_283' title='bbox 156 3396 308 3461; x_wconf 82' lang='lat' dir='ltr'><strong>Phocione</strong></span> <span class='ocrx_word' id='word_1_284' title='bbox 326 3387 464 3472; x_wconf 77' lang='grc' dir='ltr'><em>Ἔοοχος</em></span> <span class='ocrx_word' id='word_1_285' title='bbox 485 3387 635 3468; x_wconf 89' lang='lat' dir='ltr'><strong>eontinet,</strong></span> <span class='ocrx_word' id='word_1_286' title='bbox 661 3381 832 3446; x_wconf 89' lang='lat' dir='ltr'><strong>communia</strong></span> <span class='ocrx_word' id='word_1_287' title='bbox 851 3395 915 3441; x_wconf 93' lang='lat' dir='ltr'><strong>non</strong></span> <span class='ocrx_word' id='word_1_288' title='bbox 935 3379 1040 3458; x_wconf 80' lang='lat' dir='ltr'><strong>intrat3</strong></span> <span class='ocrx_word' id='word_1_289' title='bbox 1073 3393 1144 3440; x_wconf 86' lang='lat' dir='ltr'><strong>nam</strong></span> 
     </span>
     <span class='ocr_line' id='line_1_33' title="bbox 36 3477 1142 3584; baseline -0.025 -19"><span class='ocrx_word' id='word_1_290' title='bbox 36 3496 198 3584; x_wconf 81' lang='grc' dir='ltr'><em>ἀχέρωχος</em></span> <span class='ocrx_word' id='word_1_291' title='bbox 218 3492 348 3573; x_wconf 85' lang='lat' dir='ltr'><strong>simplex</strong></span> <span class='ocrx_word' id='word_1_292' title='bbox 360 3490 401 3553; x_wconf 90' lang='lat' dir='ltr'><strong>sit</strong></span> <span class='ocrx_word' id='word_1_293' title='bbox 414 3503 454 3551; x_wconf 89' lang='lat' dir='ltr'><strong>un</strong></span> <span class='ocrx_word' id='word_1_294' title='bbox 466 3485 640 3566; x_wconf 90' lang='lat' dir='ltr'><strong>copulatum</strong></span> <span class='ocrx_word' id='word_1_295' title='bbox 656 3482 856 3544; x_wconf 89' lang='lat' dir='ltr'><strong>Buttmannns</strong></span> <span class='ocrx_word' id='word_1_296' title='bbox 868 3479 937 3559; x_wconf 91' lang='lat' dir='ltr'><strong>ipse</strong></span> <span class='ocrx_word' id='word_1_297' title='bbox 957 3477 1031 3539; x_wconf 90' lang='lat' dir='ltr'><strong>sciri</strong></span> <span class='ocrx_word' id='word_1_298' title='bbox 1045 3491 1142 3555; x_wconf 89' lang='lat' dir='ltr'><strong>posse</strong></span> 
     </span>
     <span class='ocr_line' id='line_1_34' title="bbox 38 3573 1142 3680; baseline -0.025 -16"><span class='ocrx_word' id='word_1_299' title='bbox 38 3595 219 3680; x_wconf 89' lang='lat' dir='ltr'><strong>desperavit</strong></span> <span class='ocrx_word' id='word_1_300' title='bbox 244 3607 308 3655; x_wconf 93' lang='lat' dir='ltr'><strong>uon</strong></span> <span class='ocrx_word' id='word_1_301' title='bbox 334 3586 543 3652; x_wconf 88' lang='lat' dir='ltr'><strong>timidissimus</strong></span> <span class='ocrx_word' id='word_1_302' title='bbox 565 3590 734 3662; x_wconf 79' lang='lat' dir='ltr'><strong>etvmornm</strong></span> <span class='ocrx_word' id='word_1_303' title='bbox 756 3577 951 3658; x_wconf 82' lang='lat' dir='ltr'><strong>lugitivorum</strong></span> <span class='ocrx_word' id='word_1_304' title='bbox 972 3573 1142 3653; x_wconf 83' lang='lat' dir='ltr'><strong>indagator.</strong></span> 
     </span>
     <span class='ocr_line' id='line_1_35' title="bbox 31 3673 978 3779; baseline -0.032 -15"><span class='ocrx_word' id='word_1_305' title='bbox 31 3694 161 3779; x_wconf 83' lang='grc' dir='ltr'><em>’Ἁσοχις</em></span> <span class='ocrx_word' id='word_1_306' title='bbox 180 3691 312 3758; x_wconf 89' lang='lat' dir='ltr'><strong>bominis</strong></span> <span class='ocrx_word' id='word_1_307' title='bbox 333 3686 456 3752; x_wconf 85' lang='lat' dir='ltr'><strong>barbari</strong></span> <span class='ocrx_word' id='word_1_308' title='bbox 478 3698 590 3748; x_wconf 90' lang='lat' dir='ltr'><strong>nomen</strong></span> <span class='ocrx_word' id='word_1_309' title='bbox 612 3687 659 3746; x_wconf 93' lang='lat' dir='ltr'><strong>est</strong></span> <span class='ocrx_word' id='word_1_310' title='bbox 680 3676 761 3758; x_wconf 90' lang='lat' dir='ltr'><strong>apud</strong></span> <span class='ocrx_word' id='word_1_311' title='bbox 781 3673 978 3740; x_wconf 89' lang='lat' dir='ltr'><strong>Herodotum.</strong></span> 
     </span>
    </p>
   </div>
   <div class='ocr_carea' id='block_1_3' title="bbox 42 3950 1142 4126">
    <p class='ocr_par' dir='ltr' id='par_1_3' title="bbox 42 3950 1142 4126">
     <span class='ocr_line' id='line_1_36' title="bbox 109 3950 1142 4044; baseline -0.018 -17"><span class='ocrx_word' id='word_1_312' title='bbox 109 3978 138 4044; x_wconf 79' lang='grc'><strong>4)</strong></span> <span class='ocrx_word' id='word_1_313' title='bbox 166 3970 277 4042; x_wconf 79' lang='grc' dir='ltr'><em>Τιμύχα</em></span> <span class='ocrx_word' id='word_1_314' title='bbox 299 3968 462 4037; x_wconf 82' lang='lat' dir='ltr'><strong>Pythagorea</strong></span> <span class='ocrx_word' id='word_1_315' title='bbox 484 3963 576 4020; x_wconf 87' lang='lat' dir='ltr'><strong>Jambl.</strong></span> <span class='ocrx_word' id='word_1_316' title='bbox 602 3963 631 4015; x_wconf 89' lang='lat' dir='ltr'><strong>V.</strong></span> <span class='ocrx_word' id='word_1_317' title='bbox 656 3959 682 4014; x_wconf 86' lang='lat' dir='ltr'><strong>P.</strong></span> <span class='ocrx_word' id='word_1_318' title='bbox 709 3971 733 4010; x_wconf 82' lang='lat' dir='ltr'><strong>o.</strong></span> <span class='ocrx_word' id='word_1_319' title='bbox 758 3956 799 4012; x_wconf 81' lang='grc'><strong>31.</strong></span> <span class='ocrx_word' id='word_1_320' title='bbox 824 3971 850 4022; x_wconf 92' lang='lat' dir='ltr'><strong>p.</strong></span> <span class='ocrx_word' id='word_1_321' title='bbox 872 3954 928 4010; x_wconf 83' lang='grc'><strong>189.</strong></span> <span class='ocrx_word' id='word_1_322' title='bbox 951 3950 1036 4019; x_wconf 80' lang='grc'><strong>(390.)</strong></span> <span class='ocrx_word' id='word_1_323' title='bbox 1059 3965 1083 4034; x_wconf 82' lang='lat'><strong>⁰:</strong></span> <span class='ocrx_word' id='word_1_324' title='bbox 1101 3951 1142 4018; x_wconf 83' lang='lat'><strong>32,</strong></span> 
     </span>
     <span class='ocr_line' id='line_1_37' title="bbox 42 4034 974 4126; baseline -0.035 -8"><span class='ocrx_word' id='word_1_325' title='bbox 42 4061 101 4118; x_wconf 79' lang='grc'><strong>211.</strong></span> <span class='ocrx_word' id='word_1_326' title='bbox 121 4057 209 4126; x_wconf 77' lang='grc'><strong>(128.)</strong></span> <span class='ocrx_word' id='word_1_327' title='bbox 231 4069 254 4109; x_wconf 88' lang='lat' dir='ltr'><strong>c.</strong></span> <span class='ocrx_word' id='word_1_328' title='bbox 274 4053 316 4120; x_wconf 84' lang='grc'><strong>36,</strong></span> <span class='ocrx_word' id='word_1_329' title='bbox 338 4052 395 4108; x_wconf 81' lang='grc'><strong>217.</strong></span> <span class='ocrx_word' id='word_1_330' title='bbox 418 4047 502 4116; x_wconf 80' lang='grc'><strong>1532.)</strong></span> <span class='ocrx_word' id='word_1_331' title='bbox 520 4046 569 4102; x_wconf 89' lang='lat' dir='ltr'><strong>sed</strong></span> <span class='ocrx_word' id='word_1_332' title='bbox 589 4045 616 4099; x_wconf 82' lang='lat' dir='ltr'><strong>b.</strong></span> <span class='ocrx_word' id='word_1_333' title='bbox 638 4045 655 4098; x_wconf 87' lang='lat' dir='ltr'><strong>l.</strong></span> <span class='ocrx_word' id='word_1_334' title='bbox 676 4041 760 4096; x_wconf 81' lang='lat' dir='ltr'><strong>codex</strong></span> <span class='ocrx_word' id='word_1_335' title='bbox 777 4039 832 4093; x_wconf 84' lang='lat' dir='ltr'><strong>Ciz.</strong></span> <span class='ocrx_word' id='word_1_336' title='bbox 854 4034 974 4104; x_wconf 78' lang='grc' dir='ltr'><strong>Σιμὺχα.</strong></span> 
     </span>
    </p>
   </div>
   <div class='ocr_carea' id='block_1_4' title="bbox 881 4167 949 4237">
    <p class='ocr_par' dir='ltr' id='par_1_4' title="bbox 881 4167 949 4237">
     <span class='ocr_line' id='line_1_38' title="bbox 881 4167 949 4237; baseline -0.029 0"><span class='ocrx_word' id='word_1_337' title='bbox 881 4167 949 4237; x_wconf 69' lang='lat'><strong>22*</strong></span> 
     </span>
    </p>
   </div>
   <div class='ocr_carea' id='block_1_5' title="bbox 0 0 1403 4992">
    <p class='ocr_par' dir='ltr' id='par_1_5' title="bbox 0 0 1403 4992">
     <span class='ocr_line' id='line_1_39' title="bbox 0 0 1403 4992; baseline 0 0"><span class='ocrx_word' id='word_1_338' title='bbox 0 0 1403 4992; x_wconf 95' lang='lat' dir='ltr'><strong> </strong></span> 
     </span>
    </p>
   </div>
  </div>
 </body>
</html>
