2750 4994
235 313 299 379 148
583 305 910 373 DiSSERTATIO
946 307 982 372 11.

235 484 283 544 ost
303 475 437 542 conditio
459 481 493 539 ut
509 474 642 556 judicari
662 489 726 536 nou
747 471 850 554 possit
871 476 972 534 utrum
990 471 1124 551 longiori
1144 471 1216 533 uoci
1238 469 1364 534 addita

234 579 275 645 sit
296 576 416 657 syllaba
437 592 477 639 an
497 573 631 639 breviori
652 571 800 635 detracta
842 568 959 634 Deinde
982 569 1185 651 appellativa:
1207 563 1363 645 ἀνανθές

236 685 266 744 at
283 671 454 749 ἀκαλανθίς
473 673 633 737 carduelis
648 663 710 734 ιἰιιὸ
730 669 795 731 τῶν
814 662 967 730 ἀκανθῶν
988 671 1065 750 puio
1085 671 1187 748 spinis
1210 673 1244 732 ct
1271 689 1361 734 car-

237 779 308 846 duis
332 777 481 858 poscitur
508 773 594 836 Seru.
623 769 662 834 ad
691 767 743 832 Ge.
770 766 819 831 iii.
841 765 912 832 338.
939 761 1056 848 κόμβος
1083 762 1242 848 κόσυμβος
1275 770 1358 833 Hcs.

237 878 286 942 cui
313 872 433 940 accedit
459 871 524 936 EM.
550 867 621 950 311,
648 867 677 932 3.
704 860 888 948 incriptione
914 861 1032 949 λέγεται
1058 859 1134 947 παρ’
1162 860 1361 950 Ἀθηναίοις

235 973 397 1060 ὄχθοιβος,
427 963 490 1034 ὑπὸ
518 963 551 1032 δὲ
572 962 674 1031 ἄλλων
693 961 834 1048 κοσύμβρ
855 964 885 1029 id
908 972 956 1030 est
977 965 1078 1030 nodus
1099 964 1193 1029 fibula
1212 983 1243 1028 v.
1274 967 1359 1032 Sai-

234 1091 310 1144 mos.
332 1071 371 1136 ad
392 1071 517 1151 Vopisc.
538 1067 572 1131 V.
593 1065 696 1130 Aurei.
718 1063 806 1128 cdii.
827 1082 856 1146 p.
874 1063 945 1130 566.
964 1063 993 1128 b.
1009 1059 1111 1146 κόμβρ
1124 1058 1252 1148 κορώνη
1273 1065 1357 1130 Hes.

236 1191 273 1240 ea
287 1170 430 1236 videlicet
446 1183 535 1248 quam
546 1165 697 1229 Homerus
712 1163 848 1245 εἰναλίην
866 1157 1011 1246 κορώνην
1031 1169 1125 1226 vocat
1145 1162 1176 1228 id
1194 1168 1245 1226 cst
1259 1181 1357 1228 mer-

233 1290 304 1356 gum
327 1270 375 1334 vel
396 1268 517 1332 fulicam
538 1265 668 1327 αλθυικν
688 1262 857 1344 κολυμβλδιι
879 1262 918 1325 ab
937 1263 1035 1325 Arato
1057 1261 1179 1345 dictam,
1201 1279 1269 1342 qno
1291 1264 1356 1326 ad-

234 1372 371 1439 ducimur
391 1362 491 1449 κόμβρ
513 1371 543 1428 et
564 1361 706 1428 columba
725 1377 838 1425 nomen
858 1358 938 1424 idem
959 1377 1048 1440 csse;
1070 1363 1174 1434 κοῖλος
1195 1367 1227 1424 ct
1244 1358 1354 1425 κότο-

233 1475 286 1545 λος
315 1468 391 1550 (πᾶν
417 1459 453 1530 τὸ
473 1467 579 1528 κοῖλον
599 1457 734 1542 κοτύλην
753 1454 897 1542 λέγουσιν
917 1459 983 1523 ΕΜ.
1004 1459 1075 1543 533,
1099 1459 1160 1540 11.)
1190 1455 1291 1542 ὄβριοι
1321 1469 1353 1525 ct

234 1565 382 1653 ὀβρλκιιλκι
401 1583 430 1629 u.
450 1563 575 1627 Jacobs.
594 1560 634 1624 ad
653 1558 718 1624 Aci.
741 1576 770 1639 p.
791 1557 861 1625 278.
886 1553 1019 1640 ὄβρυζον
1041 1564 1073 1621 ct
1093 1551 1288 1641 ὀλόβρυζον,
1322 1563 1351 1623 si

234 1669 336 1755 placet
364 1663 513 1745 syllabam
534 1647 579 1724 “λ“ο
604 1659 819 1740 interpositam
847 1657 952 1738 potius
974 1674 1046 1721 esse
1074 1643 1165 1738 qnam
1185 1645 1228 1721 ἆ
1246 1676 1352 1740 prae-

234 1765 409 1854 ροείλιιιο.22
445 1755 618 1842 Ὀλοφώιος
638 1756 814 1821 Nitzschius
837 1754 875 1818 ad
897 1754 1009 1834 Odyss.
1030 1755 1079 1819 IV.
1100 1755 1170 1820 410.
1193 1764 1225 1820 ολ
1247 1765 1350 1822 veto-

233 1885 299 1934 rum
326 1861 463 1929 nonnulli
485 1859 689 1940 compositum
711 1871 784 1918 esso
805 1859 931 1936 putant,
959 1854 1030 1917 mihi
1052 1869 1091 1917 ex
1113 1847 1204 1930 ὀλοός
1224 1851 1351 1931 ὀλολιος

234 1967 420 2052 prolatatum
440 1959 610 2038 uidebatur,
632 1955 691 2019 etsi
712 1953 871 2032 distinguit
886 1951 989 2016 Schol.
1004 1952 1070 2016 Nic.
1087 1953 1139 2018 Th.
1152 1973 1180 2019 v.
1199 1957 1227 2020 1.
1266 1959 1347 2020 Tum

233 2067 343 2132 uerba:
356 2058 438 2145 ἐρύυ
455 2051 582 2140 ἐρριύω,
595 2047 744 2118 monada
756 2045 873 2115 κλέπτον
887 2046 941 2114 καὶ
954 2047 1143 2131 κλωκιιεύω,
1157 2050 1347 2120 admonuerim

233 2162 267 2232 di
281 2161 364 2231 sord.
377 2159 531 2242 κοριώνια
540 2148 756 2237 γαυρούμενον
768 2152 840 2215 Hes,
855 2167 873 2213 a
886 2145 980 2230 κόρος
994 2151 1134 2234 forsitan,
1157 2159 1187 2216 ct
1205 2171 1226 2218 a
1244 2171 1347 2236 para-

232 2281 315 2350 goge
343 2252 482 2342 κορυνός
503 2254 646 2319 usitatius
670 2252 834 2334 κορωνιῶν
852 2250 992 2331 γαυριών
1014 2249 1214 2332 ejusdemque
1239 2267 1346 2336 σμορ.

233 2364 313 2430 δοῦν
339 2349 566 2433 συνουσιάζειν,
599 2368 655 2434 pro
688 2367 749 2432 quo
777 2349 906 2413 Photins
934 2347 1132 2430 σμοιιορδοῦυ
1159 2353 1307 2437 praebet,
1317 2351 1346 2394 ²³

234 2468 394 2546 postremo
418 2447 635 2536 Σκηπιόμενος
656 2443 869 2532 στηριζόμευος
890 2444 943 2510 καὶ
964 2443 1202 2529 σκηριπτόμενος
1224 2445 1345 2533 ὁμοίως

235 2560 319 2628 Suid.
341 2564 371 2621 ct
393 2551 569 2618 adverbium
592 2543 716 2630 ἆμπεοίξ
738 2554 768 2610 ολ
788 2541 981 2629 κιριιιμιιέτιξ
1001 2549 1032 2609 in
1054 2547 1158 2610 tabula
1169 2549 1343 2632 Latiorum

234 2661 263 2726 si
285 2675 341 2741 pro
364 2648 460 2736 ἀμφίς
479 2651 577 2732 ualet,
602 2648 722 2728 dequo
745 2645 864 2710 dubitat
882 2645 1065 2710 Boeckhius.

315 2772 430 2836 Horum
449 2763 596 2828 nonnulla
608 2762 713 2842 utique
728 2763 877 2843 praebent
890 2759 1025 2842 speciem
1036 2761 1209 2841 parentasis
1226 2761 1342 2826 Gram-

233 2871 355 2937 maticis
377 2865 587 2946 complacitae.
635 2861 681 2922 Ao
702 2862 843 2941 protecto
866 2861 893 2922 si
914 2859 983 2941 quis
1002 2861 1189 2940 reputaverit
1211 2865 1342 2942 quoties

237 2968 345 3036 Gracci
366 2963 526 3030 vocabulis
549 2961 630 3024 omni
653 2975 692 3022 en
715 2966 802 3040 parto
824 2960 969 3038 parisatis
992 2956 1084 3023 modo
1106 2959 1235 3024 uocales
1258 2963 1342 3026 insi-

234 3072 304 3130 rant
331 3064 486 3144 singulas,
513 3058 604 3124 modo
627 3074 799 3139 consonas,
821 3073 919 3139 prope
941 3059 999 3121 crit
1018 3064 1051 3120 nt
1072 3057 1224 3123 interdum
1247 3059 1340 3126 binas

235 3183 274 3230 cx
295 3169 426 3243 utroquo
447 3176 560 3242 gonaro
587 3157 694 3222 literas
715 3157 886 3220 insinuatas
909 3173 980 3220 csse
1002 3163 1118 3220 statuat
1141 3164 1194 3222 ont
1215 3159 1339 3239 signifi-

234 3262 367 3330 cationis
395 3256 626 3339 distinguendae
655 3272 751 3319 causa
778 3260 830 3318 ant
857 3256 887 3318 ui
914 3254 1136 3335 synecdromae
1164 3263 1217 3320 aut
1243 3259 1339 3341 lapsu

234 3360 367 3445 quodam
390 3359 532 3441 populari
552 3364 585 3420 ut
605 3354 720 3419 doucuoi
740 3371 797 3435 pro
819 3352 920 3432 δοκῶ,
950 3371 1010 3435 quo
1033 3355 1217 3435 Hermippus
1241 3361 1338 3422 utitur

233 3460 397 3528 barbarum
423 3456 532 3520 ludens
562 3457 593 3520 in
617 3455 735 3534 Fragm.
759 3453 848 3534 dom.
872 3453 904 3517 T.
925 3452 959 3518 ΙΙ.
979 3452 1049 3518 384.
1076 3455 1257 3536 novitioque
1287 3459 1337 3522 ilia

233 3579 312 3645 quac
333 3555 415 3639 apud
435 3557 483 3621 Du
497 3555 642 3634 cangium
656 3553 794 3634 legimus,
814 3552 990 3634 πριγιονλζω
1005 3569 1061 3633 pro
1075 3553 1231 3636 κριονλζω,
1253 3577 1335 3639 προ-

232 3662 350 3742 οίτιρου
371 3664 429 3722 etc.
470 3656 511 3718 nt
532 3654 560 3718 si
580 3669 688 3717 rursus
710 3651 870 3730 angustias
890 3660 1017 3716 nostras
1039 3653 1221 3736 respicimus
1244 3663 1279 3719 et
1300 3672 1336 3720 ex

234 3811 527 3838 ---——---

298 3912 345 3976 22)
366 3909 493 3975 Ὄλοσχος
509 3904 580 3958 idem
599 3916 658 3958 esse
677 3901 746 3969 quod
763 3901 846 3970 ὄσχος
862 3915 914 3954 non
930 3899 1109 3970 improbabilis
1122 3905 1165 3956 ost
1178 3900 1334 3960 Schneidcri

235 3996 323 4064 opinio
341 3992 373 4046 ad
393 3991 449 4045 Nic.
468 3987 515 4041 Tin.
533 3986 591 4042 870.
611 3984 645 4039 de
662 3985 777 4042 diceros
791 3992 818 4042 et
829 3985 989 4053 ὁλοφλυκτλς
1006 3982 1075 4053 quod
1093 3981 1174 4052 addit,
1191 3999 1285 4054 parum
1298 3989 1332 4042 11.

233 4085 304 4147 quet.
337 4076 433 4143 Neque
451 4076 511 4140 apte
530 4081 664 4135 compares
685 4067 822 4138 ὀδύρομαι
842 4075 869 4125 at
884 4066 1066 4138 ὀλοφύρομαι.

299 4160 346 4226 23)
369 4155 528 4227 Σκορολοῖιν
546 4149 731 4214 συνουσιάζειν
747 4152 809 4209 iles.
830 4153 887 4238 alio
900 4153 1031 4220 pertinere
1050 4149 1164 4207 videtur.
