2768 4994
9 439 218 521 exemplum
236 447 323 504 extra
343 438 442 502 aleam
465 439 609 522 positum.
650 439 727 503 Nam
748 439 831 520 quod
851 442 884 503 in
905 439 1008 506 Gloss.
1033 439 1150 524 μοιχός

9 538 212 619 exponitur
224 539 334 619 iccio,
354 538 472 602 ualeret
493 536 612 618 aliquid¹
628 538 657 602 si
677 539 827 602 sciremus
844 539 980 618 junicem
1000 540 1149 608 minorem

9 655 99 702 esse
128 653 232 718 quam
249 639 414 715 juvencam
433 637 500 701 sivo
520 633 644 720 μόσχον.
695 634 843 716 Quodque
862 637 898 700 H.
921 638 1096 718 Stephanus
1117 641 1150 704 in

9 737 124 800 Thes.
153 735 269 800 scribit
289 729 396 817 χοιράς
411 735 571 816 porcello,
601 753 664 800 non
686 740 810 826 constat
829 735 902 798 milri
921 735 1002 800 unde
1023 738 1150 817 porcel-

9 836 85 898 lam
113 836 284 909 sumserit,
307 849 407 914 neque
429 839 529 898 utrum
550 834 708 916 porculam
730 833 791 914 (sio
810 833 889 896 enim
909 833 1003 897 latine
1025 835 1174 920 diciturtfi

9 933 172 1012 intelligi
209 932 342 996 voluerit
375 949 415 995 an
449 949 527 996 saxa
556 949 573 996 e
600 934 694 996 maris
728 932 889 1012 superlicio
918 933 1083 1000 eminentia
1116 945 1149 1003 ut

12 1031 142 1096 Porcc
165 1025 205 1094 τὸ
226 1024 338 1112 μεταξὺ
357 1031 422 1094 τῶν
441 1025 588 1113 κυμάτων
609 1031 710 1096 Gloss.
732 1049 760 1095 v.
779 1030 962 1095 Deciorum
978 1031 1071 1096 Theo.
1087 1034 1149 1103 vlt

13 1129 76 1212 33,
109 1129 144 1194 3.
170 1123 335 1209 Καρκινάς
362 1145 427 1194 non
455 1146 581 1210 parvum
609 1146 752 1194 cancrum
775 1129 912 1194 declarat
932 1128 989 1194 sel
1013 1133 1150 1210 speciem
1265 1125 1274 1140 ’

17 1229 155 1310 cancri,
179 1244 273 1308 quam
284 1227 472 1292 Aristoteles
485 1227 646 1310 καρκίνιον
661 1226 796 1308 appellat
812 1226 1082 1294 reclaudere.
1098 1231 1148 1301 lll.

19 1325 105 1391 210.
152 1325 297 1406 Denique
325 1327 353 1390 si
380 1307 450 1406 111113
476 1322 626 1400 πλωιάδες
650 1325 683 1389 αἱ
709 1325 878 1407 mutescat
896 1322 1049 1408 πλόκαμοι
1072 1328 1148 1397 Ρο11.

20 1423 63 1486 11.
88 1421 148 1486 28.
173 1423 237 1486 huc
258 1424 450 1488 referendum
473 1431 558 1505 putet
580 1425 620 1488 oh
642 1440 709 1488 eam
730 1441 855 1489 causam
869 1424 952 1505 quod
971 1442 1024 1490 res
1045 1427 1150 1497 mulie

22 1522 109 1586 bros
133 1537 358 1602 nonnunquam
378 1521 562 1588 deminutivc
576 1524 785 1605 appellantur:
807 1520 888 1606 ζώνη
908 1517 929 1606 ἡ
946 1524 1005 1588 τοῦ
1025 1520 1149 1609 ἀνδρός,

26 1621 155 1697 {molon
176 1615 212 1684 01
230 1616 378 1702 γυναικός
397 1623 536 1688 Ammon
557 1618 606 1686 erl
625 1617 682 1703 μὲν
702 1616 816 1705 ἀνδρὸς
835 1618 951 1704 λέγεται
970 1617 1079 1704 χιτών,
1100 1621 1150 1690 tel

29 1713 67 1782 δὲ
97 1720 159 1801 τῆς
186 1714 336 1800 γυναικὸς
359 1722 539 1802 χιτωνίσκος
562 1720 677 1786 Anccd.
706 1722 804 1787 Cram.
824 1721 846 1785 1.
867 1720 937 1786 434.
968 1718 1150 1804 Θεόπομπος

31 1814 89 1881 καὶ
112 1813 271 1882 σανδάλια
290 1818 410 1902 εἴρηκεν
430 1813 493 1884 1111
515 1815 565 1884 ἐπὶ
583 1815 730 1901 γιιναικός
750 1819 827 1883 Ρο11.
847 1819 882 1884 X.
894 1818 943 1884 49.
964 1822 1150 1904 πλοκαμῖδας

33 1916 185 1989 euectos
212 1912 261 2003 Ιἐπὶ
281 1911 395 2000 ἀνδρός
415 1916 520 1984 Soloi.
540 1920 635 1983 Arist.
659 1919 778 1982 Theem.
800 1916 870 1982 567.
891 1936 919 1980 v.
941 1917 1088 1988 Fritzsolt
1110 1923 1149 1988 aul

34 2015 66 2080 11.
89 2015 111 2080 1.
136 2019 170 2078 et
191 2015 369 2081 Schneider.
392 2017 430 2083 de
452 2017 557 2082 Schol.
576 2017 734 2098 Aristoph.
753 2034 782 2098 p.
805 2015 1149 2098 recommemorent

36 2131 146 2195 neque
176 2115 299 2178 omnino
327 2116 442 2181 accedo
463 2134 564 2200 neque
591 2117 682 2198 plane
702 2116 863 2180 dissentio.
905 2115 971 2178 lam
992 2119 1150 2184 oramine-

37 2229 112 2276 mus
136 2213 260 2276 lertium
280 2229 388 2298 genus,
415 2215 498 2296 quod
519 2222 568 2280 est
589 2215 881 2296 comprehensivum
920 2213 1040 2278 Nomen
1059 2213 1151 2294 νεκάς

37 2311 229 2376 Eustatlrius
249 2329 279 2393 p.
302 2313 391 2398 1080,
412 2314 461 2380 27.
489 2309 677 2395 περιεκτικόν
697 2319 807 2394 vocat,
835 2327 926 2393 quam
946 2313 1150 2394 significatio-

39 2426 117 2474 nem
146 2416 232 2474 corte
261 2427 325 2475 non
350 2411 529 2507 habetpnisi
555 2413 698 2495 adjuncto
721 2412 914 2477 substantivo
935 2407 1034 2492 τάξις,
1066 2417 1149 2496 quod

42 2509 275 2590 Glosscgraplri
295 2511 449 2596 eupplcnt,
472 2529 570 2594 eaque
591 2513 712 2576 ratione
734 2512 824 2575 etiam
845 2505 939 2584 ἱππάς
959 2513 987 2576 si
1008 2511 1047 2576 ad
1066 2510 1151 2592 τάξις

43 2610 197 2691 retertur,
227 2609 425 2689 periecticum
445 2611 552 2675 vocari
573 2617 694 2694 potest,
715 2617 749 2675 ut
769 2609 811 2686 εἰς
831 2605 949 2674 ἱππάδα
967 2613 1071 2690 τελεῖν,
1093 2614 1150 2680 setl

45 2724 107 2790 per
126 2723 162 2772 so
182 2706 365 2788 adjectivum
385 2716 449 2792 est,
471 2703 564 2783 ἱπτάς
583 2709 690 2788 θυσία,
712 2705 805 2785 ἱππὰς
824 2705 916 2792 στολή
938 2716 997 2774 etc.
1032 2711 1151 2778 Home·-

46 2809 148 2872 ricum
173 2803 302 2882 νεκάδας
328 2814 450 2872 ueteres
476 2808 596 2888 νεκρῶν
621 2803 718 2885 τάξεις
742 2810 981 2890 interpretantur
1007 2809 1064 2874 sed
1091 2811 1150 2876 ad-

51 2907 128 2970 dunt
148 2904 289 2984 Gyolicos
315 2906 362 2971 sio
387 2923 522 2973 vocasse
546 2903 602 2984 τὰς
621 2904 723 2991 ψυχάς
741 2908 802 2972 hoc
823 2915 885 2990 est,
912 2914 1004 2990 puto,
1032 2910 1150 2980 anianae

53 3005 119 3068 vita
145 3003 318 3088 deiunctae,
344 3005 473 3087 ipseque
501 3007 652 3073 Homerus
678 3007 732 3072 illo
754 3008 878 3072 nomine
899 3006 1079 3088 simpliciter
1096 3031 1150 3073 oa-

54 3097 150 3186 κροός
174 3103 363 3183 significasse
391 3103 510 3169 videtur
535 3111 569 3171 ut
597 3107 741 3172 Cometes
767 3105 859 3171 Anth.
885 3105 947 3170 XV.
974 3105 1024 3170 43.
1051 3124 1079 3170 u.
1099 3109 1149 3176 43.

56 3199 135 3278 άναξ
158 3196 296 3266 emoneo
329 3194 480 3278 άϊὸωνεύς
507 3210 538 3272 et
564 3206 688 3270 Luciam.
718 3203 837 3286 Philop.
865 3209 895 3278 §.
926 3202 973 3272 10.
1002 3199 1036 3267 ἐκ
1056 3202 1150 3270 νεκά-

57 3302 129 3368 δαν.
139 3300 165 3342 1⁷
208 3300 273 3365 Nec
301 3299 495 3367 dubitandum
523 3306 595 3386 quin
624 3305 719 3369 leriae
747 3303 903 3368 denicales
932 3299 1055 3378 νικάόες
1082 3305 1149 3370 sive

128 3580 168 3649 16)
186 3579 291 3636 Similes
307 3587 367 3637 sunt
384 3581 613 3639 Grammaticorum
631 3586 846 3652 praeceptiones:
873 3580 1010 3654 κρωβύλος
1033 3580 1150 3636 ἐπὶτῶν

65 3662 179 3734 ἀνδρῶν,
204 3661 257 3715 τῶν
273 3662 304 3715 δὲ
320 3666 460 3734 γυναικῶν
475 3665 613 3736 κόρυμβος
627 3667 716 3722 Schol.
737 3667 817 3721 Thuc.
836 3665 856 3720 l.
883 3665 908 3722 6.
932 3664 971 3733 τῷ
991 3665 1046 3733 μὲν
1067 3663 1150 3734 άνόρὶ

66 3748 136 3817 ἀμίς,
151 3745 181 3816 τῇ
197 3746 226 3799 at
242 3747 353 3818 γυναικὶ
369 3750 491 3816 σκαφίον
508 3748 573 3804 Poll.
592 3747 622 3803 Χ.
639 3751 682 3806 44.
701 3746 851 3818 ὄλολυγμός
873 3748 1027 3816 γυναικῶν,
1049 3747 1147 3800 ἀλαλα-

66 3829 134 3902 γμός
147 3828 251 3899 ἀνδρῶν
268 3845 293 3884 r.
312 3829 417 3886 Jacoos.
436 3831 470 3885 ad
487 3831 582 3887 Achill.
594 3848 620 3901 p.
638 3831 698 3889 019.

131 3930 171 3999 17)
185 3928 278 3984 suidas
297 3927 419 3987 Νεκάόες
434 3933 533 4001 νεκροί,
550 3929 772 3999 καταχρηστικῶς
790 3928 820 3981 δὲ
838 3930 886 3981 καὶ
909 3929 938 3980 ai
964 3927 1018 3980 τῶν
1041 3927 1148 3992 ζώντων

69 4015 157 4076 τάξεις,
174 4011 227 4068 ΕΜ.
246 4011 415 4082 ο1νιιότεραι
432 4012 481 4072 τὰς
499 4015 553 4066 τῶν
569 4012 686 4068 ὁπλιτῶν
703 4012 800 4073 τάξεις.
818 4013 914 4068 nullam
931 4012 965 4068 ob
983 4014 1061 4068 aliam
1079 4027 1148 4068 ctu-

70 4113 129 4167 sam,
144 4102 169 4154 rt
182 4099 307 4165 auspicor,
326 4110 404 4165 quarn
417 4097 479 4166 quin
496 4097 699 4168 Gloseograplri,
719 4101 748 4152 ut
771 4096 905 4154 homerico
932 4094 1044 4166 νεαροὺς
1065 4113 1147 4150 κατα·
