2772 4992
65 274 125 340 nn
141 272 237 340 nou.
252 271 418 350 ououuu
431 267 636 337 uumnsr
651 265 869 364 cprrunau.
899 268 931 335 u.
947 271 981 337 u.
1000 273 1066 349 ar.
1093 247 1168 343 aad

36 441 128 508 bilia
150 439 242 520 telia3
263 453 322 517 ego
343 453 392 501 me
420 435 558 502 continui
585 435 616 498 iu
646 432 832 513 trisyllabis,
862 432 934 515 quia
960 436 1164 508 Buttmanuus

39 541 184 606 affirmat
212 540 292 601 hauc
320 535 566 600 terminationem
594 533 790 614 potissimum
815 535 1048 615 procerioribus
1072 535 1163 601 adhi-

38 639 150 704 bitam
171 655 244 702 esse
266 633 436 698 vocabulis.
481 630 543 698 Sed
565 629 648 713 quod
669 631 748 695 idem
770 631 990 714 adjectivorum
1012 635 1044 698 in
1065 621 1112 709 &a
1134 645 1164 701 et

42 725 126 812 ιῐοξ
142 735 318 801 exeuntium
346 731 589 812 significationes
616 737 761 796 accurate
791 732 908 796 deduiri
935 748 1033 814 posse
1062 743 1163 820 negat,

39 852 168 902 vereor
199 848 240 898 ue
267 847 340 896 vere
363 837 528 909 auguratus
550 830 600 894 sit.
641 829 785 893 Attamen
814 832 942 895 tentarit
970 831 1163 912 aliquatenus

42 938 210 1002 Thomas:
238 927 284 995 Τὰ
305 929 347 1004 είς
365 915 422 1003 ἧς
450 922 520 1014 τινὰ
544 921 601 1010 μέν
629 922 692 991 ἐστι
719 925 862 1012 κτητικό,
889 925 1047 1012 βασιλικὸς
1072 927 1166 1014 λόγος

42 1032 90 1100 ὃν
116 1031 234 1116 ἔγραψε
254 1024 396 1114 βασιλεὺς
416 1023 438 1111 ἢ
459 1023 498 1091 όν
518 1021 630 1109 ἔγραψέ
649 1048 695 1100 τις
714 1026 758 1102 είς
783 1022 924 1111 βασιλέα·
949 1022 1020 1092 τινὰ
1049 1025 1083 1094 δὲ
1110 1025 1165 1116 dep-³

40 1135 165 1199 λοῦσιν
185 1124 421 1212 ἐπιτηδειότητα,
443 1121 598 1208 δρομικός,
623 1122 773 1202 πιοιτικός
792 1121 892 1191 -τὰ
911 1121 946 1191 δὲ
963 1122 1103 1210 λέγονται
1115 1125 1162 1204 ἔν-ι

43 1232 165 1318 εργείηι,
187 1223 347 1312 μουσικός,
363 1221 406 1290 ’τὰ
429 1221 464 1289 ei
483 1221 586 1310 φύσει,
608 1220 740 1307 λογικός.
770 1225 831 1291 Sed
852 1225 913 1290 hoe
934 1225 1057 1293 decreto
1080 1230 1164 1296 mut-¹

45 1340 115 1396 turn
139 1330 233 1394 abest
260 1334 292 1390 ut
318 1326 482 1390 universus
509 1325 603 1406 hujus
629 1325 753 1405 generis
782 1324 915 1390 ambitus
944 1324 1083 1394 deduitus
1101 1315 1164 1397 'sttv

44 1431 132 1496 Nam
154 1429 200 1511 si,
227 1433 261 1490 ut
291 1423 425 1489 Galenus
453 1424 496 1487 ait
523 1422 561 1488 de
584 1423 689 1504 Comp.
711 1421 789 1487 Med.
816 1441 845 1504 p.
866 1423 958 1490 Loec.
979 1426 1015 1491 11.
1036 1427 1106 1494 538.
1129 1413 1165 1494 ’1.

46 1529 116 1594 ΧΗ.
139 1522 304 1609 σπίηνικοί
324 1521 465 1586 dicuntur
485 1520 517 1585 οἱ
536 1514 599 1615 όιιὸ
621 1516 757 1604 σπληνὸς
776 1517 944 1604 πάσχοντες
955 1519 1008 1588 καί
1020 1515 1164 1609 ἡπατικοί

49 1626 81 1692 οἱ
104 1619 172 1690 ἀπὸ
193 1624 319 1706 νεφρῶν
340 1629 398 1687 etc.
419 1622 446 1685 si
466 1623 566 1703 γραῦς
585 1615 713 1704 βρντική
736 1637 773 1684 ea
794 1637 874 1702 quac
894 1621 974 1704 bryti
1002 1633 1077 1705 potu
1103 1627 1165 1690 iro-¹

49 1741 154 1808 pense
177 1723 347 1788 delectatur
369 1739 397 1786 r.
417 1719 547 1786 Meinek.
579 1720 665 1786 Com.
687 1721 734 1785 Fr.
757 1720 790 1784 T.
818 1718 867 1784 111.
896 1736 925 1801 p.
953 1721 1002 1786 23.
1031 1722 1061 1787 td
1089 1722 1165 1789 uuiti

47 1825 179 1889 iliorum
200 1821 299 1886 simile
319 1827 368 1884 est
390 1820 576 1900 omninoque
596 1835 660 1882 non
681 1835 720 1882 ex
740 1821 952 1882 terminatione
965 1820 1035 1884 sota
1055 1819 1111 1887 sed
1125 1839 1165 1892 ex

49 1931 167 1987 natura
188 1929 218 1985 et
236 1919 461 2000 significatione
484 1917 625 2000 primitivi
656 1924 685 1981 et
713 1931 808 1998 saepe
839 1933 878 1981 ex
904 1916 1071 2002 adjunctis,
1101 1936 1163 2001 quo

52 2019 191 2102 quidque
214 2020 377 2100 pertineat,
395 2016 528 2096 judicari
550 2015 649 2080 debet.
689 2014 850 2097 Proprium
872 2032 946 2080 vero
969 2015 1071 2080 iocum
1103 2021 1164 2084 ob-

54 2115 161 2184 tineut'
179 2117 362 2200 pronomina
381 2116 572 2198 quantitatis,
593 2107 716 2197 ἡλίκος,
743 2115 890 2197 πηλίκος,
919 2113 1056 2196 τηλίκος,
1085 2135 1165 2200 quaa

54 2218 128 2283 sola
150 2224 310 2281 accentum
331 2217 364 2278 in
384 2214 550 2296 penultima
572 2213 686 2282 hahent
706 2212 820 2277 Herod.
851 2230 883 2277 ιι.
911 2214 997 2277 Μον.
1026 2213 1083 2298 20,
1116 2215 1165 2284 19.

55 2324 88 2380 et
109 2316 161 2379 his
184 2316 453 2380 consociatissima
484 2313 628 2378 adverbia
649 2311 828 2393 temporalia
849 2303 969 2389 αὐτίκα,
991 2304 1093 2394 ἡνίκα,
1113 2336 1165 2398 τη-

54 2415 140 2492 νίκα,
163 2413 247 2494 quod
267 2413 469 2477 Buttmannus
488 2413 520 2476 iu
540 2412 636 2476 Lexil.
656 2411 692 2476 li.
714 2410 783 2476 227.
805 2411 882 2474 miro
898 2413 1036 2476 acumine
1051 2429 1089 2478 ex
1106 2409 1165 2498 τὴν

55 2513 112 2577 iae
133 2512 195 2576 loce
215 2514 282 2576 cicc
303 2513 467 2576 condatum
495 2529 567 2576 esse
596 2511 740 2591 disputat.
789 2509 904 2574 Eadem
932 2510 1082 2576 elementa
1108 2513 1165 2579 sed

58 2609 170 2676 ordine
189 2611 315 2674 inverso
337 2609 450 2674 uacent
470 2609 617 2675 adverbia
637 2607 806 2672 numeralia
824 2603 943 2690 τριόκις
963 2614 994 2674 οί
1016 2614 1165 2678 eeterain

60 2718 92 2787 §-
115 2710 145 2774 3.
168 2715 313 2774 extrema.
1064 2711 1067 2722 ’

144 2815 175 2884 5.
199 2810 227 2872 7.
276 2801 322 2870 Τὰ
341 2805 384 2882 νίς
399 2789 478 2882 otte}
496 2799 762 2890 προπαροξύνεται
782 2798 898 2868 σπάνια
918 2800 1010 2887 ὄντα,
1032 2808 1166 2876 Korsiai.

59 2908 170 2990 δοκος,
192 2901 377 2988 Σιιόρδοκος
396 2907 467 2972 Δια.
488 2905 537 2972 51.
561 2921 690 2989 quorum
719 2904 847 2970 alterum
869 2908 996 2988 saepius
1017 2897 1107 2989 ino}
1134 2919 1166 2978 et

60 2992 139 3092 ᾶῇ
160 3007 347 3088 terminatur,
369 3005 498 3069 alterum
520 3013 568 3070 est
592 3004 719 3068 Thracis
741 3017 854 3067 nomen
873 3005 905 3068 in
924 3005 1017 3071 Tunc.
1039 3009 1075 3074 ΙΙ.
1098 3010 1167 3077 101.

63 3115 94 3172 et
115 3106 164 3171 ii.
180 3104 248 3169 102.
270 3103 323 3169 ubi
342 3104 374 3167 in
390 3103 508 3184 aliquot
525 3104 613 3170 tibris
629 3097 818 3184 Σιιάρδακος
830 3104 979 3185 seriptum
995 3112 1053 3171 est.
1078 3107 1167 3174 Alius

63 3207 120 3271 tuit
142 3202 279 3284 ejusdem
302 3200 451 3266 Thraciae
471 3203 596 3283 regulus
617 3197 762 3275 Σάδωκος
788 3219 816 3266 r.
835 3201 963 3285 iuterpr.
991 3203 1030 3267 ad
1055 3206 1091 3270 ΙΙ.
1118 3195 1168 3274 99.

65 3306 144 3370 alius
166 3297 321 3384 Μήδοκος
348 3302 414 3365 sive
432 3294 603 3382 Ἀμάδοκος
622 3319 650 3366 ιι.
671 3299 804 3365 Wessel.
828 3301 866 3364 ad
887 3301 975 3366 Diod.
997 3303 1073 3369 xiii.
1098 3305 1166 3372 105.

65 3397 232 3475 Σόνδοκος
250 3401 316 3464 sive
337 3394 503 3474 Σάνδακος
529 3406 560 3464 et
580 3395 747 3482 Σαοδόκης
766 3417 795 3463 v.
814 3399 948 3465 Boecirh.
967 3400 1058 3483 Corp.
1071 3404 1168 3470 inser.

66 3501 132 3566 Vol.
154 3499 190 3564 IL
213 3516 243 3580 p.
266 3498 334 3566 158.
357 3497 432 3562 Gaii.
453 3497 493 3563 ad
513 3502 614 3564 Acon.
628 3498 791 3564 Stadiasm.
814 3496 847 3562 T.
860 3498 896 3561 11.
923 3504 954 3572 §-
970 3496 1039 3565 179.
1062 3497 1170 3588 Σκάρ-

65 3619 157 3673 τοκος
178 3616 207 3662 v.
227 3597 362 3662 Boeelrh.
382 3597 402 3661 l.
425 3613 451 3662 c.
473 3614 503 3678 p.
520 3597 589 3664 109.
618 3596 680 3662 Sed
701 3595 833 3660 hominis
854 3596 958 3676 graeci
978 3613 1091 3664 nomeu
1114 3603 1171 3668 Πί-

66 3698 158 3772 δοκος
178 3695 318 3776 Xenoph.
338 3694 415 3760 Heli.
436 3695 458 3760 1.
475 3696 501 3779 1,
515 3695 565 3761 29.
588 3697 656 3762 siue
678 3694 770 3758 dubio
792 3694 823 3757 in
844 3693 931 3758 libris
953 3697 1067 3762 rectius
1081 3695 1171 3765 Ἐπί-

68 3799 159 3872 δοκος
179 3795 342 3874 seribitur3
373 3809 443 3857 nam
467 3795 520 3858 ilia
548 3794 721 3859 terminatio
750 3793 943 3873 peregrinum
972 3804 1079 3882 sonat,
1111 3817 1170 3866 uec

71 3898 167 3961 solum
203 3891 359 3958 secundae
395 3891 611 3958 declinationis
644 3891 702 3958 sed
737 3893 828 3956 etiam
857 3893 989 3975 primae,
1016 3893 1171 3983 Μηδόκης

72 3996 169 4060 Thrax
190 3993 323 4057 Demetr.
345 3988 383 4054 de
403 3989 491 4055 Elec.
512 4007 538 4056 c.
559 3991 657 4057 CLXI.
678 3990 757 4054 idem
779 3991 847 4054 sine
868 3989 960 4056 dubio
979 3994 1032 4073 qui
1045 3996 1084 4060 ab
1101 3998 1170 4064 aliis

75 4087 221 4177 deidonus
244 4089 426 4173 appellatur,
447 4077 591 4174 Δηιόκης
605 4088 730 4173 Medus,
755 4082 921 4173 Παρδόκας
940 4089 1074 4160 locarius
1096 4095 1172 4163 bar-
