2750 4994
112 278 188 343 ·DE
211 275 306 344 Nom.
329 275 492 353 QUORUM
512 273 704 340 CHARACT.
723 273 800 340 EST
821 277 888 341 Mi.
910 277 975 343 (Li.
998 283 1027 354 ς.
1040 277 1067 343 1.
1100 275 1164 344 mr
1197 309 1204 325 1

61 443 172 527 icatur,
204 439 376 525 θαάαμοά.3
415 442 543 506 Praeter
562 435 722 524 γάγγαμον
742 447 882 504 neutmm
903 455 1002 522 genus
1023 455 1162 523 sequun-

62 550 101 605 tur
113 542 294 624 plantarum
308 542 433 604 nomina
447 536 615 623 βάλσαμον,
637 535 805 621 κάρδαμον,
828 535 997 624 αάγνιαμον,
1018 542 1159 622 κίοιαμαν,

60 645 206 724 ιάναμον,
236 642 322 706 brevi
344 647 504 719 utrumque
526 640 676 720 principio
710 647 741 702 et
767 640 907 722 ignotae,
936 643 1017 704 sieut
1046 649 1159 725 cetera,

60 743 233 823 prosapiae.
257 775 298 786 -
324 736 371 802 Τά
387 738 429 812 εἰς
441 725 758 820 μὀἷνιιαραάηγόμενα
776 745 799 801 οἳ
819 739 926 821 βραχεῖ
942 732 1159 823 μὴκάινόμενα

60 836 102 904 διά
126 843 185 905 τοῦ
204 825 247 903 ἦ
265 833 413 916 ὀξύνεται,
434 832 581 919 τελαμών,
601 832 776 919 πλαταμών,
798 833 939 919 αεραμιάν
960 837 1158 921 περιεκτικόν·

59 936 88 1003 τὸ
110 936 147 1003 δὲ
169 935 326 1021 Κεράμων
345 933 503 1020 ἐβαρύνθη
519 931 562 1011 ὥς
581 934 701 1017 κύριον,
722 934 775 1000 καὶ
796 931 962 1018 Ποτάμων,
981 933 1157 1022 Ἀσσάμαα.

64 1035 102 1103 Τὸ
128 1037 161 1102 δὲ
180 1035 322 1120 τεράμοιν
342 1033 507 1120 βαρύνεται
526 1030 569 1109 ὦς
588 1030 641 1098 διὰ
659 1024 764 1100 norint
777 1031 956 1118 κλινόμενον
967 1037 1038 1102 rire.
1059 1056 1089 1120 p.
1110 1040 1156 1108 13.

59 1143 105 1205 nbi
128 1140 177 1204 bis
199 1136 394 1203 scribendum
415 1143 464 1200 est
485 1129 537 1199 διά
555 1135 612 1199 τοῦ
635 1137 676 1198 6⁴
698 1143 728 1200 et
749 1153 806 1218 pro
835 1144 994 1217 postremo
1022 1140 1158 1208 tortasse

57 1233 197 1320 Ἀσάμων
215 1255 254 1301 ex
275 1239 365 1302 Pars.
386 1237 434 1301 Vi.
459 1235 506 1319 16,
528 1236 556 1301 4.
575 1236 624 1300 rel
647 1231 809 1317 Νασάμαν
826 1235 971 1316 ΑμοΙΙοιι.
997 1237 1045 1302 IV.
1067 1237 1155 1306 1496.

61 1345 144 1421 cujus
177 1337 310 1418 gentiles
343 1337 542 1418 Νασαμῶνας
573 1334 632 1399 dici
665 1342 795 1398 accentu
824 1335 947 1398 diverso
975 1337 1156 1406 Eustatirius

61 1439 184 1504 adnotat
206 1435 246 1499 ad
266 1435 355 1501 Dion.
377 1434 446 1500 209.
459 1435 701 1515 scripsitquerta
718 1433 927 1498 Tzseiruekius
941 1437 1044 1503 strab.
1065 1439 1155 1508 XVII.

61 1537 125 1604 689.
175 1531 323 1616 stramen
347 1551 421 1598 vero
449 1533 699 1613 andronymroum
725 1534 902 1614 appellativi
929 1541 1034 1600 tonum
1062 1545 1156 1608 tenet.

60 1641 100 1705 De
122 1641 215 1721 alpha
229 1637 316 1702 brevi
331 1633 483 1699 Arcadius
504 1631 657 1714 admonet,
678 1634 750 1713 quia
769 1640 841 1697 sunt
860 1638 1016 1700 contraria
1028 1636 1157 1723 θεάμαν

62 1749 88 1804 αι
113 1737 366 1820 glossematicum
394 1729 547 1815 άμνάμων
567 1739 598 1797 et
619 1732 789 1796 solitarium
810 1731 884 1796 illud
906 1737 991 1800 verbi
1012 1738 1157 1820 barytom

62 1855 180 1920 germen
202 1830 336 1916 ἑτοίμων.
380 1833 441 1898 Sed
472 1848 529 1916 pro
545 1825 704 1913 Ἱππάμων
718 1824 913 1912 Ἱπιιάμωνος
933 1834 1009 1898 Poll.
1037 1837 1085 1903 VI.
1106 1839 1155 1906 46.

58 1932 222 2018 Ἱππαίμων
241 1971 284 1982 -
304 1955 400 2015 μονος
419 1930 613 1997 scribendum
635 1938 684 1994 est
704 1937 737 1993 nt
758 1931 1157 2017 rnnnm.v11.304.quom

61 2037 158 2102 locum
178 2036 231 2100 ille
252 2036 284 2098 in
305 2033 451 2097 memoria
472 2030 585 2095 habuit.
628 2031 661 2094 in
683 2017 763 2112 οἶμ’ἧς
783 2030 866 2093 ιιιιΙΙο
881 2031 941 2094 nisi
954 2036 1080 2113 propria
1091 2029 1157 2118 'Ap-

13 2127 15 2190 t
63 2131 163 2219 οάμης,
186 2129 338 2217 Σησάμης
359 2138 416 2195 etc.
443 2132 476 2194 in
490 2117 567 2212 Mc
588 2131 732 2213 piurima,
755 2147 827 2211 pars
850 2129 888 2192 ab
910 2131 1017 2210 ignoto
1037 2135 1156 2214 prinei-

13 2235 14 2316 }
63 2237 108 2316 pio
139 2242 172 2300 ut
200 2231 351 2314 πυραμίς,
379 2223 525 2312 άβραμίς,
540 2228 637 2324 μανά
666 2235 696 2292 οι
722 2225 852 2310 ἄβραμις
880 2229 1024 2294 scribitur
1047 2241 1156 2298 eontra

63 2341 255 2416 praeceptum
275 2328 399 2394 Arcadii
418 2323 457 2392 τὰ
477 2328 518 2402 εἰς
538 2350 589 2410 meg
606 2323 814 2410 προςγγορικὰ
834 2323 912 2408 ὑπὲρ
933 2323 992 2392 δύο
1005 2327 1158 2416 συλλαβάς

12 2440 13 2480 ι
64 2429 213 2510 ὀξύνεται·
234 2424 270 2495 τὸ
291 2426 324 2495 δὲ
336 2425 482 2511 Ἄρτεμις,
504 2429 698 2511 Σεμίραμις,5
717 2425 817 2512 κύρια.
860 2424 926 2492 Καὶ
945 2424 980 2492 τὸ
993 2431 1076 2512 σεμάς
1088 2427 1124 2511 ὀξ
1145 2473 1157 2485 -

12 2521 13 2528 '
64 2555 149 2611 νεται,
171 2547 305 2614 proquo
328 2529 469 2611 Σαλαμίς
490 2528 563 2610 poni
585 2526 676 2592 debet
698 2529 748 2593 vel
769 2527 883 2610 aliquid
905 2527 974 2593 tale.
1016 2531 1087 2595 Alia
1107 2535 1156 2598 voi

65 2632 270 2696 anominibus
295 2636 394 2694 ortum
414 2628 541 2691 habent:
562 2629 730 2710 νεγχραμίς,
756 2629 917 2710 σκωραμίς,
938 2628 1070 2711 πηλαμάς
1091 2632 1158 2698 sive

65 2726 206 2814 πηλαμύς,
228 2727 437 2809 trienniis,
458 2724 613 2808 ῥαθάμιγξ
635 2727 755 2808 quidem
778 2728 816 2790 ab
839 2744 876 2790 eo
898 2729 947 2791 eui
960 2725 1104 2808 ῥαθαίνοι
1125 2739 1156 2796 et

65 2826 206 2909 ραθάσοω
242 2835 355 2908 agnata
382 2834 467 2908 sunt,
501 2826 540 2889 ab
568 2825 657 2890 ε’άλλω
686 2827 800 2908 εἰλαμάς
825 2822 936 2910 μήνιγξ
961 2823 1008 2891 ὅτι
1036 2827 1157 2894 εἰλεῖται

65 2929 132 2997 ΡοΙΙ.
161 2929 393 3010 Adjeotivorum
427 2926 562 2989 meminit
590 2925 811 2992 Grammaticus
842 2928 940 2993 Crem.
968 2930 989 2993 i.
1017 2928 1087 2994 413.
1113 2923 1156 3004 eg

65 3084 348 3100 *ὓ-

125 3196 153 3264 3)
177 3194 217 3250 De
236 3193 287 3248 hoe
303 3192 453 3248 Eustamrus
470 3207 497 3260 p.
519 3192 592 3260 1541,
609 3193 652 3248 47.
669 3191 699 3244 τὸ
717 3191 901 3257 πληθυντικὸν
917 3193 1072 3260 ὥξατονὴθιγ
1088 3194 1156 3266 πρὸς

67 3277 195 3348 διάφορον
212 3279 365 3347 σημιισίιιν,
391 3291 441 3330 riori
459 3276 544 3330 solum
569 3277 630 3344 quia
653 3276 754 3344 plurale
779 3281 820 3332 esi
847 3277 1153 3348 1141ἷγνιαί,Πλιιτιιιαί,

63 3358 178 3432 Ἱεμαμαί
199 3365 250 3418 etc.
284 3360 377 3415 Mirum
401 3366 488 3415 tamen
505 3362 665 3429 Τροφωνίου
692 3357 819 3428 θαλάμαι
835 3360 896 3415 Eur.
915 3361 970 3416 lon.
991 3361 1049 3418 394.
1074 3362 1154 3417 scribi

66 3445 193 3514 berytonos
219 3449 246 3500 et
262 3445 379 3511 Κυβέλης
397 3442 524 3512 θαλάμοιο
541 3441 598 3497 Nic.
617 3441 663 3497 rh.
688 3441 714 3500 8.
733 3446 807 3511 cujus
826 3443 893 3500 deae
914 3445 1036 3499 scrinium
1053 3458 1155 3499 sacrum

66 3527 168 3598 ναιάμγ
191 3527 244 3582 dici
265 3527 445 3583 videturAth.
464 3525 583 3583 11118.
603 3525 632 3581 C.

123 3613 151 3680 4)
172 3613 285 3680 saepius
302 3617 388 3667 tamen
403 3609 538 3680 αγλομάν
551 3611 652 3678 tegitur,
671 3609 740 3678 quod
754 3611 799 3678 qni
810 3611 900 3662 οιαιαν
912 3612 1072 3679 interpretati
1086 3616 1153 3680 sunt,

67 3695 216 3766 ενάλαμος
234 3699 404 3764 propagatum
421 3694 588 3752 eredidemnt
604 3698 633 3748 ut
652 3708 668 3748 a
685 3691 811 3764 γηραμός
832 3693 975 3766 χηραμῶν,
993 3696 1067 3762 eujus
1087 3708 1153 3750 unus

68 3793 135 3835 casus
152 3783 281 3850 reperitur
298 3777 495 3852 χηραμάνεσοι,
514 3793 530 3834 a
546 3777 632 3849 γῆρας
649 3776 783 3848 γγράμων
801 3783 886 3848 γραῖα
904 3778 967 3834 Hes.
985 3780 1098 3834 sirecte
1117 3779 1153 3832 ita

67 3863 170 3919 scribunt
187 3880 234 3933 pro
253 3859 348 3934 γράζα.

124 3949 151 4017 5)
167 3950 213 4004 Sic
225 3950 303 4005 eiiam
317 3946 458 4000 masculina
471 3944 621 4015 Δάνδαμις,
640 3943 772 4024 Κάλαμις,
788 3942 901 4012 Θίνιμις,
923 3946 1064 4013 Κρίσαμις,
1083 3942 1151 4013 Λύγ-

70 4027 149 4097 δαμις,
167 4031 309 4102 Πάιαρμις
328 4028 386 4084 Ati.
406 4029 463 4086 680.
484 4027 511 4084 G.
532 4031 635 4098 aliaque
653 4031 679 4083 in
697 4048 720 4088 ις
737 4030 859 4086 exeuntia
877 4026 1032 4096 Κάραμβιν,
1064 4026 1150 4098 Θάμν-

68 4117 103 4176 βιι
120 4121 166 4170 etc.
