2744 4982
210 293 257 366 98
561 273 886 347 ulssuuuauio
925 273 961 337 ll.

211 455 357 543 άγροιιιος
377 472 404 518 ν.
426 448 555 516 bleinoli.
575 448 654 511 llist.
676 443 761 508 Com.
782 439 852 506 331.
874 445 905 503 at
927 437 1070 527 feminina
1093 427 1227 514 οάμοιλιά,
1257 452 1307 512 μο-

212 554 331 642 μδολμά,
352 545 513 634 τρυμαλιά,
534 545 617 610 tatto
637 550 669 607 el
690 541 780 604 λωλλοι
801 535 822 623 ἡ
844 533 936 621 φωνή
958 537 1030 600 Hes,
1052 535 1090 597 ab
1111 529 1145 595 λά
1166 533 1230 596 siue
1244 523 1308 611 λιιή,
1354 537 1355 608 l

212 659 293 728 uuile
315 656 408 720 etiem
421 645 543 730 ἰάλεμος
555 644 680 708 duetum
692 639 814 704 uidetur
825 645 858 702 ut
872 656 890 702 a
902 636 989 718 σχλδη
1002 628 1215 716 σχινὸάλομος,
1236 645 1310 708 quae

217 760 319 832 omnia
339 749 585 818 terminationem
607 742 777 805 asoitioiam
792 737 915 819 babent,
935 735 1152 815 propriamque
1164 724 1311 806 ’Λκολαλλη

215 852 300 940 παρὰ
318 849 355 917 τὸ
367 848 455 922 Ἅλις
467 843 592 916 ’Ἄπιδος
611 841 678 904 ΕΜ.
700 839 750 922 48,
771 837 820 902 21.
842 836 939 898 Ciam.
961 833 995 896 ll.
1019 832 1088 894 127.
1098 830 1126 872 λλ
1154 831 1202 892 oui
1229 827 1311 890 aliine
1354 875 1355 924 t

217 959 337 1026 ¹uidetur
357 963 471 1016 nomeu
491 943 573 1008 tluuii
592 941 660 1005 Elei
678 932 800 1011 Ἀνλιλας
822 944 852 1000 et
864 928 995 998 Ἀκλιλοιν
1023 947 1059 992 ao
1084 930 1179 992 loutis
1198 923 1312 991 Boeotii

215 1056 380 1126 Ἀκλιλουοα
409 1047 532 1125 tonuss.
559 1043 592 1104 in
620 1038 687 1120 Tb.)
717 1039 794 1103 Plut.
824 1037 948 1111 Quaest.
977 1030 1027 1096 Gn.
1052 1045 1078 1093 o.
1099 1027 1173 1091 XLI.
1216 1024 1312 1088 lontio

218 1164 328 1226 neutra
348 1141 548 1231 ιιιριλάλιοιι,λ7
574 1133 763 1220 τρωγάλιον,
785 1151 925 1218 quaeque
946 1127 1120 1208 Hesychius
1149 1126 1235 1188 allent
1257 1123 1313 1184 llo·

219 1253 345 1341 ράλλιον
366 1242 484 1327 κόριον,
506 1235 692 1321 Κωράλλιον
711 1231 894 1315 παιδάριον,
923 1224 1130 1308 Σπιιρθάλιον
1155 1219 1313 1307 μειράκιον,

222 1365 388 1430 eorumque
411 1353 582 1423 synonyma
603 1333 795 1419 κωρολλσοως
816 1342 846 1398 at
862 1329 1059 1410 οινρλλολλας.
1101 1325 1263 1389 Postremo
1276 1315 1316 1398 ἐρ»

220 1457 360 1540 γαλιλον,
390 1465 408 1508 a
435 1459 496 1523 quo
525 1440 624 1504 libert
650 1437 828 1518 τροχαλοῖσιν
854 1425 873 1494 ὁ
893 1425 1002 1512 τροχός
1023 1425 1233 1493 Sebol.·Atet
1254 1417 1315 1484 529.

222 1557 351 1637 propter
379 1542 564 1628 primitivum
585 1531 748 1620 τροχαλός,
775 1540 809 1597 ut
825 1527 999 1613 Ἁρπαλίων
1019 1519 1104 1604 παρὰ
1123 1518 1161 1586 τὸ
1173 1519 1318 1601 “Anaeitis
1354 1479 1355 1568 ά

223 1654 289 1718 Ell.
311 1643 498 1712 Μοικαλλων
517 1673 559 1688 -
579 1638 743 1708 Μίκκαλος
763 1632 876 1712 Ροιρλι.
898 1629 933 1694 V.
954 1627 1034 1690 Plot.
1054 1625 1116 1688 Vll.
1141 1622 1209 1687 104.
1219 1620 1246 1660 ³⁸
1272 1610 1318 1679 ἆσ-

223 1744 349 1821 uoluens
371 1777 411 1792 —·
433 1737 568 1810 άσποιλος
589 1742 621 1798 et
641 1732 805 1814 λνπολλλης
833 1722 1057 1810 quodammodo
1087 1739 1156 1784 oum
1185 1711 1319 1787 λνιπαλὲος

226 1849 360 1918 οιιιιλοιιλ
380 1847 495 1926 potest.
504 1827 536 1878 '³⁰
577 1833 738 1900 Nonnullis
759 1831 881 1894 illorum
902 1825 997 1889 verba
1019 1821 1163 1901 adjunota
1184 1824 1255 1882 sunt
1275 1809 1318 1892 άρ

224 1952 348 2027 notities,
370 1939 534 2028 φυταλλζω,
557 1931 778 2014 molal-ofilio)
801 1930 867 1992 sive
888 1915 1077 1989 σκινδαλεύω
1096 1929 1130 1982 ἰ.
1154 1913 1318 1981 Schneider.

226 2053 265 2118 mi
292 2049 368 2114 Plat.
398 2042 461 2106 Ciu.
491 2037 523 2101 T.
551 2033 574 2098 l.
598 2031 665 2097 109.
693 2038 724 2094 ot
752 2027 905 2108 adjectiva
932 2016 1118 2103 άρπάλιμος,
1148 2009 1317 2096 φονάλιμος,

212 2143 445 2235 praeeuntibus
467 2134 602 2218 propriis
616 2127 771 2212 ’Ἅρπαλος
793 2127 866 2208 (nisi
886 2124 1078 2204 peregrinum
1092 2117 1156 2196 est)
1177 2110 1318 2184 Φάταλος,

226 2251 338 2334 quibus
360 2243 447 2326 peria
468 2233 619 2318 principia
641 2229 868 2310 assignabimus
891 2221 1052 2302 adjectivis
1074 2211 1226 2296 stibinton
1238 2211 1318 2292 (sibo-

226 2350 272 2424 λίς
294 2343 380 2425 ὅρνις
399 2334 489 2410 ποιός
509 2333 597 2414 HeS.)
620 2325 766 2411 ἰδάλιμος,
789 2319 994 2402 καρπάλιμος,
1016 2311 1200 2395 κυδάλιμος,
1221 2303 1319 2374 πενκά·

227 2453 329 2531 λιμος,
359 2455 438 2521 quae
466 2441 589 2498 veteres
620 2435 654 2492 ut
679 2431 712 2491 in
741 2423 868 2490 exordio
891 2421 953 2484 elini
975 2425 1005 2492 s.
1030 2417 1057 2480 1.
1079 2415 1118 2478 ab
1140 2413 1251 2494 ιλδιμος
1271 2415 1318 2472 eto.

227 2547 379 2628 repetunt.
422 2538 456 2600 ln
476 2535 541 2598 EM.
562 2529 634 2612 803,
656 2528 684 2593 3.
699 2521 873 2609 φυτάλιμος
894 2510 994 2597 (παρὰ
1014 2508 1064 2596 τὸ)
1081 2509 1185 2596 φυτόν
1201 2507 1319 2595 φάνιμος

228 2645 281 2712 καὶ
300 2637 481 2722 πλεονασμῷ
504 2627 673 2715 φυτάλιμος
693 2621 746 2688 κοιλ
768 2614 952 2704 (μεταθέσει)
974 2613 1167 2698 φνιαλλμιος,
1192 2613 1223 2675 in
1244 2611 1318 2691 puin-

229 2749 310 2828 oiplo
333 2735 508 2823 ponendum
529 2738 578 2796 est
599 2721 770 2812 φυτάλμιος
790 2721 931 2800 idemque
952 2717 984 2778 in
1005 2714 1089 2778 exitu
1116 2719 1149 2774 ut
1176 2713 1208 2774 in
1229 2704 1317 2775 schol.

230 2843 342 2910 oleseh.
363 2842 469 2918 Agunt.
491 2833 561 2898 334.
581 2825 617 2893 ἐκ
636 2825 691 2908 τῆς
711 2819 829 2906 φάνλης
849 2819 964 2900 γίνεται
984 2808 1156 2897 φντάλιμος
1176 2807 1227 2874 καὶ
1246 2827 1317 2890 μνον·

283 3065 342 3132 ,36)
368 3062 424 3116 Ηοο
447 3063 534 3112 lemen
556 3043 653 3119 (Ἀιιις)
679 3045 755 3115 alpba
777 3044 930 3112 plenumque
953 3039 1059 3104 longum
1090 3035 1186 3106 babet,
1215 3032 1317 3089 Acidalia

228 3151 325 3217 breve,
349 3145 495 3210 eademque
513 3135 629 3189 Κιλολία
648 3131 794 3184 nominatur
817 3141 832 3180 a
855 3122 968 3176 κλδαλον
998 3119 1109 3175 tortasse
1133 3126 1162 3175 ut
1185 3117 1316 3174 ltooakbius

229 3235 376 3303 suspicatus
395 3233 436 3284 est
455 3225 487 3280 ad
506 3219 581 3276 Piud.
602 3215 643 3270 Fu.
661 3213 693 3268 N.
714 3213 770 3282 136,
791 3210 849 3266 634.

296 3317 342 3384 37)
366 3310 439 3371 Πολι
460 3307 490 3380 τὸ
517 3299 651 3367 πηδάλιον
673 3295 761 3351 Sobel.
787 3292 861 3348 Piud.
881 3290 955 3345 Nem.
972 3289 1015 3344 Vl.
1035 3288 1077 3344 94.
1103 3284 1197 3354 quibus
1217 3290 1316 3336 connexu

230 3407 289 3457 sunl
305 3397 395 3464 πῆάον
411 3400 437 3451 et
455 3387 602 3454 άπήάαλος.
1354 3423 1355 3428 1

296 3485 341 3551 38)
366 3481 412 3536 iiis
432 3468 592 3533 conferenda
609 3458 735 3534 ἀσφαλής
749 3456 912 3524 Ἀσφαλίων,
933 3451 1042 3524 σιμρλός
1052 3452 1172 3519 sigalion
1184 3435 1315 3517 atplaoorss
1354 3449 1355 3480 ι

229 3578 303 3642 nepte
324 3573 352 3622 ut
368 3557 499 3632 πνιγηρόν
515 3550 679 3620 Πνιμαλλων.
705 3541 840 3598 Bambalio
859 3538 971 3594 tortasse
991 3538 1182 3606 οβαμμαίνειν
1198 3530 1315 3590 balbutire,

230 3655 301 3726 quod
319 3647 455 3712 Menagius
473 3643 500 3694 in
519 3635 607 3701 brigg.
625 3646 647 3685 s.
666 3627 745 3680 uouit
762 3630 789 3682 et
802 3624 910 3678 Diezius
925 3626 1067 3674 Gramma,
1086 3620 1131 3671 uer
1142 3632 1239 3670 mmm,
1251 3615 1315 3679 sm.

227 3733 290 3792 ὀλιο
309 3736 329 3790 λ.
347 3734 373 3789 8.
393 3742 452 3782 oum
469 3715 666 3778 romanensibus
682 3711 796 3772 boteilles,
814 3707 929 3758 bonubioo
943 3711 994 3760 eto.
1015 3706 1180 3771 componunt.
1215 3693 1316 3752 Notabile

231 3829 271 3879 est
283 3815 430 3888 Σιμαλίων
447 3811 473 3861 in
491 3801 568 3870 Cone.
583 3799 664 3853 lnscr.
683 3809 708 3849 n.
725 3793 801 3850 2905.
815 3790 845 3844 E.
864 3790 888 3845 4.
902 3804 949 3857 pro
964 3787 1106 3855 Σιμολίων
1119 3783 1235 3851 Aloipbr.
1250 3781 1268 3834 1.
1283 3775 1314 3832 et.

231 3903 351 3976 (Σιμάλη
377 3900 457 3954 lnsci.
484 3904 509 3942 n.
531 3884 603 3942 teto.
629 3879 669 3948 b.)
687 3882 715 3933 et
728 3875 861 3944 ’λμαλλων
884 3873 968 3926 Noun.
989 3869 1089 3924 xxxii.
1107 3867 1166 3924 234.
1186 3863 1316 3933 (fleotimo
1354 3859 1355 3892 ι

231 3989 317 4054 Quint.
338 3979 386 4037 111.
404 3977 463 4034 301.
485 3970 596 4025 tortasse
613 3963 759 4034 Ἣμαιίων
776 3955 964 4023 scribendum.)

296 4065 342 4134 39)
368 4059 463 4128 Λόφις
478 4047 637 4121 ὀρχαλλδης
653 4045 686 4100 ‘o'r
702 4040 811 4105 ἀλώπηξ
829 4041 927 4091 οὔποτε
945 4039 1029 4090 λείπει
1046 4037 1073 4089 in
1091 4034 1203 4089 Oreculo
1219 4031 1278 4086 Plut.
1292 4021 1314 4076 V·

228 4142 512 4220 LYS.XX1X.lotlasso
530 4133 562 4189 ab
580 4132 663 4201 ὄρχος
679 4133 708 4183 ut
719 4126 829 4182 Theoti.
848 4123 869 4177 l.
887 4125 929 4181 48.
948 4119 1057 4185 ἀλώπηξ
1070 4119 1112 4173 ἀν’
1126 4106 1313 4187 ὄρχονςφοιιῇ,
1354 4161 1355 4164 ,

1354 4241 1355 4288 l
