2750 4994
200 227 275 296 200
551 222 873 290 nissnitrtrio
903 223 949 288 iv.

199 393 245 458 rie
269 391 408 456 neutrius
434 389 519 454 nnita
544 395 667 470 praetor
687 382 839 472 κάρηνον,
866 403 937 454 uam
964 381 1117 470 ἄρρητον,
1144 407 1208 471 qno
1236 399 1311 456 rete
1364 389 1365 456 i

202 495 234 556 et
254 491 352 556 vestis
373 487 577 572 significatur,
603 486 641 551 ab
663 483 743 571 ἄγρα
763 480 850 552 vel’
832 493 936 570 αγρεῖν
958 485 1127 552 derivatum
1147 507 1222 554 osse
1243 491 1365 555 boc
1364 539 1365 576 ,

201 591 302 657 minus
323 589 468 654 ndirmem
488 584 572 668 quod
590 585 815 652 Eratosthenes
845 586 919 651 illud
944 587 1063 669 γρῆνον
1088 588 1156 652 sivo
1182 591 1312 672 γρῆνυν

202 687 295 769 dixit3
319 683 463 770 ἐπίξηνον
489 689 520 748 et
540 679 713 768 ἐπίαφηνον
733 686 877 766 syntbeta
897 685 1054 769 vIdentur,
1083 693 1189 751 cetera
1207 705 1312 770 pere-

201 786 291 867 grina
318 791 390 852 sunt
416 792 450 848 ut
478 779 660 865 σαγαπηνὸν
686 785 753 848 sive
779 779 957 866 σαγαπηνός
987 803 1015 848 v.
1038 783 1077 848 ad
1099 785 1209 866 Pbrvn.
1234 788 1311 854 760.
1364 819 1365 822 “

203 884 287 966 quod
307 882 457 950 interdum
479 889 764 963 proparonytonum
785 891 833 948 est
853 884 941 965 Hipp.
964 881 1036 946 IIuI.
1054 883 1076 946 I.
1096 883 1166 948 726.
1193 887 1308 950 Diosc.
1351 915 1353 920 ·

202 983 275 1048 Mat.
295 983 345 1047 lII.
368 981 417 1046 95.
439 980 471 1044 in
493 978 576 1043 editt.
597 987 671 1044 vett.
700 987 735 1044 ut
758 975 969 1065 Ἀσπόρδηνον
995 977 1068 1059 ὄρος
1098 983 1200 1048 Strab.
1222 985 1306 1050 XIII.

203 1079 274 1146 619.
301 1079 358 1145 sed
384 1078 442 1142 dea
467 1070 668 1162 Ἀσπορδηνὴ.
709 1080 845 1145 Aliarum
882 1082 1127 1146 terminationum
1155 1081 1243 1144 nulla
1271 1084 1307 1146 in

203 1179 416 1261 quaestionem
437 1178 522 1242 venii
542 1185 665 1260 praeter
686 1173 849 1261 ἑρμηνεύς,
878 1179 961 1260 quod
987 1185 1110 1243 veteres
1132 1179 1171 1244 ab
1189 1173 1311 1264 Ἐρμῆς

204 1283 235 1342 et
255 1276 327 1357 stem
348 1283 520 1344 arcessunt.
550 1277 682 1359 Propria
701 1286 773 1342 sunt
792 1274 953 1361 Φαληνεύς
967 1279 1079 1343 Bacchi
1093 1277 1182 1342 miles
1199 1280 1305 1344 Nonn.

203 1375 334 1442 XXVIII
362 1377 412 1442 54.
446 1371 589 1460 Ἀρύηνις
614 1376 760 1456 Alyattes
786 1377 848 1440 iilia
875 1377 987 1442 Herod.
1009 1378 1032 1440 1.
1055 1377 1104 1441 ut.
1133 1377 1186 1440 ubi
1215 1379 1308 1445 codd

200 1467 335 1560 Ἀρυήνη
356 1475 515 1560 praebent,
537 1481 568 1540 et
584 1491 683 1556 aeque
696 1477 845 1539 incertum
861 1476 946 1542 urbis
964 1491 1076 1541 nomen
1094 1476 1212 1558 Τυῆνις
1233 1478 1308 1562 (εἰν)

203 1573 252 1638 vei
278 1567 405 1658 Τορνός
425 1593 453 1640 v.
471 1575 610 1642 IIolsteu.
634 1573 673 1638 ad
695 1574 800 1654 Steph.
822 1591 847 1638 s.
868 1574 897 1637 h.
920 1592 947 1638 v.

662 1752 767 1818 CAP.
797 1751 850 1820 IV.

392 1895 449 1964 De
473 1893 673 1962 nominibus
697 1896 735 1960 in
760 1915 797 1962 ιν
822 1929 867 1942 -
896 1892 1114 1960 coronatione.

289 2039 372 2116 61.
416 2037 462 2103 Ne
491 2037 522 2103 in
550 2039 620 2119 Ipso
650 2036 734 2101 aditu
761 2037 953 2119 quaestionis
980 2036 1138 2102 flexuosae
1168 2040 1308 2106 crebrius

206 2137 379 2206 subsistere
402 2143 432 2201 et
454 2137 536 2200 cirea
565 2136 688 2200 mInima
709 2142 862 2200 momenta
882 2135 991 2200 luctari
1013 2152 1176 2218 cogamur,
1206 2139 1307 2204 ditatis

206 2237 427 2304 ditincIIIoribus
450 2233 488 2300 ad
509 2233 662 2315 adjectiva
683 2241 884 2316 praevertam.
923 2235 1037 2329 Horum
1058 2252 1235 2302 mensuram
1258 2247 1309 2304 to-

205 2352 337 2417 numque
366 2334 457 2398 tradit
485 2333 636 2398 Arcadius
664 2351 694 2416 p.
717 2333 767 2418 65,
788 2332 816 2400 9.
843 2327 882 2397 τὰ
908 2332 950 2408 εἰς
971 2356 1037 2408 τινος
1060 2324 1309 2421 despuentes

204 2430 272 2500 τὸν
295 2428 395 2518 βραχὺ
415 2429 524 2516 ἔχοντα
544 2429 733 2516 σημαίνοντα
752 2431 917 2514 μετουσίαν
936 2428 1216 2516 προπαροξύνεται,
1246 2439 1308 2520 apd

205 2539 311 2612 θινος,
333 2530 499 2616 δάφνινος,
521 2527 661 2614 φήγινος.
701 2525 747 2593 Τὰ
765 2525 869 2614 μέντοι
890 2524 951 2594 ἀπὸ
972 2528 1047 2614 (ἐπὶ)
1066 2535 1179 2614 καιροῦ
1201 2532 1224 2617 ἢ
1247 2533 1307 2600 ἀπὸ

205 2627 410 2714 ἐπιρῤήματος
430 2623 571 2708 ὀξύνεται
589 2623 727 2712 θερινός,
754 2625 935 2714 χειμερινάς,
965 2631 1048 2713 quod
1075 2633 1135 2696 etsi
1155 2633 1307 2699 interdum

205 2748 263 2815 pro
284 2725 431 2813 χειμέριος
457 2736 636 2811 usurpatum
658 2736 722 2812 est,
754 2737 855 2793 tamen
879 2733 966 2810 justo
993 2733 1063 2810 jnre
1091 2729 1308 2798 adnumeratur

206 2830 428 2912 temporalibus
448 2829 513 2893 EM.
535 2827 612 2910 810,
637 2827 684 2894 18.
719 2829 834 2892 Horum
860 2835 961 2892 autem
984 2829 1044 2892 alia
1065 2847 1084 2892 a
1105 2830 1307 2896 substantIvis

207 2928 299 2995 dueta
320 2935 392 2994 sunt
413 2922 557 3005 δειλινός,
579 2921 713 3008 ἐαρινὸς,
735 2922 980 3011 φθινοπωρινός,
1005 2929 1065 2992 alia
1086 2929 1124 2992 ab
1147 2928 1307 3010 adjectivis

205 3023 356 3110 χθιζινός,
378 3021 571 3107 νυκτερινός,
592 3043 651 3090 nec
672 3043 772 3107 pauca
793 3027 831 3090 ab
853 3026 1007 3092 adverbiis
1027 3023 1185 3109 χθιοινός,
1212 3051 1308 3112 περυ-

206 3122 301 3204 σινός,
321 3122 451 3210 τητινὸς,
474 3119 683 3209 αὐθημερινός
703 3125 807 3189 Sobel.
825 3124 950 3188 Lucian.
968 3127 1085 3209 Lexiph
1102 3134 1133 3202 ς.
1153 3129 1180 3192 1.
1204 3129 1307 3194 Thoe-

206 3225 274 3290 dos.
290 3224 419 3290 Gramm.
437 3244 465 3308 p.
483 3223 532 3289 66.
559 3223 674 3288 Anecd.
693 3223 783 3287 Cram
797 3222 818 3287 I.
833 3222 904 3288 365.
934 3224 1076 3290 Pleniore
1098 3226 1199 3290 canali
1214 3228 1307 3292 fluunt

205 3325 377 3390 materIalia
397 3319 532 3406 ἅγνινος,
553 3317 721 3404 αἰμάτινος,
743 3315 925 3400 ἀκάνθινος,
947 3318 1079 3400 ἄκανος,
1101 3322 1215 3405 discos,
1232 3321 1307 3410 ἄχο-

205 3418 291 3506 ρινός
319 3429 350 3487 οι
379 3425 417 3488 ab
447 3421 528 3485 omni
562 3421 625 3484 iere
660 3438 761 3486 rerum
796 3438 1015 3503 corporearum
1043 3440 1174 3504 gencre3
1209 3427 1307 3490 minus

205 3523 301 3588 multa
322 3521 360 3587 ab
379 3519 574 3602 incorporeis
597 3512 734 3603 ἀέρινος,
763 3515 935 3598 asteismos,
965 3527 996 3585 et
1024 3522 1062 3588 ab
1085 3524 1229 3590 animatis
1251 3518 1307 3588 ἄν·

205 3617 375 3704 cecinisse,
397 3615 531 3700 λοίγινος,
552 3614 709 3700 τράγινος,
731 3612 896 3700 ὀνάγρινος
917 3625 975 3684 etc.
999 3636 1078 3702 quae
1100 3638 1196 3702 saepe
1217 3640 1308 3688 usur-

206 3726 317 3802 pantur
330 3718 431 3783 lanius
444 3717 658 3800 licentiusque,
671 3717 769 3801 γραῦς
781 3711 929 3800 &pumice
943 3719 1054 3782 vinosa
1067 3719 1306 3788 tremuisset.

208 3971 322 4037 intre,
349 3974 423 4040 cvjvs
447 3973 473 4025 in
490 3972 615 4040 proximis
640 3975 747 4028 mentio.
781 3972 853 4039 Αιῑνη
871 3973 1001 4042 (Baccha)
1020 3937 1117 4032 rectius
1134 3979 1175 4031 sic
1191 3977 1307 4032 scribitur

206 4056 289 4110 Strab.
307 4055 336 4109 X.
358 4055 415 4112 tte.
435 4070 512 4123 quam
529 4052 594 4118 λανὴ
609 4053 730 4111 Pbilostr.
748 4057 811 4114 Son.
832 4060 930 4126 image.
950 4058 971 4113 1.
991 4058 1034 4126 23,
1051 4060 1110 4116 797.
1126 4061 1171 4129 25,
1189 4063 1249 4121 690.
