2788 4986
315 253 841 324 DEMUr.rE1tt11N.cnUSIS.
877 261 906 329 §-
925 253 952 320 2.
1170 252 1192 318 tt

78 429 263 496 Germanice
285 427 370 490 scire
389 423 542 488 videbitur
562 423 615 506 qui
635 419 791 484 nominum
812 418 924 498 dicti,
952 418 1060 497 lices,
1083 415 1192 494 Flr'ess,

75 530 178 608 llere,
208 527 340 604 llosse,
368 524 500 586 conlinia
521 529 551 585 et
573 521 705 584 divortia
726 520 865 600 ignoret,
900 517 945 580 ita
966 533 1046 597 quae
1068 515 1116 578 his
1139 531 1193 577 re-

77 627 237 712 spondent
249 625 350 688 latrua
368 621 497 702 liuciae,
518 619 628 700 slacio,
650 617 745 698 fluor,
766 615 896 696 flamen,
917 609 1037 695 flucae,
1060 613 1191 694 flectas,

75 727 221 809 deeora,
245 723 359 841 slacio,
381 718 542 798 dustram,
563 713 729 794 fluentem,
753 721 784 778 et
801 715 986 795 graecanica
1007 709 1086 796 ῥέος,
1108 706 1191 794 ῥόος,

74 821 146 908 ροη,
169 819 265 904 edat,
287 815 386 900 ῥύσις,
407 815 514 899 ῥεῦμα,
537 809 715 896 ῥεῖθρον,’
696 816 804 894 ρεῖτος,
826 808 951 894 ῥόθιον,
973 815 1033 877 nisi
1056 813 1191 876 sciamus

74 925 149 1009 quid
163 924 311 988 differant
332 919 415 982 etin
435 917 611 979 uuiversum
634 929 774 994 quaeque
796 914 913 977 lormae
928 911 1138 992 principalis
1130 927 1190 973 rm-

73 1025 207 1090 mutatlo
231 1019 306 1102 quid
330 1016 527 1082 emolumenti
549 1013 656 1094 iaciat,
684 1011 810 1075 multum
833 1011 922 1075 abest
950 1018 983 1073 nt
1012 1010 1104 1074 uobis
1133 1025 1190 1072 ac-

75 1131 218 1188 curatam
254 1118 371 1198 antiqui
405 1113 558 1180 sermonis
585 1110 817 1190 intelligentiam
845 1125 992 1189 arrogare
1021 1109 1188 1190 possimne.

73 1225 190 1287 Verum
216 1218 385 1282 intestinae
413 1212 633 1277 elementorum
655 1209 870 1272 conversionis
899 1210 1028 1288 eiusque
1056 1223 1136 1288 quae
1156 1207 1188 1270 iu

74 1322 186 1406 primis
216 1316 363 1381 censistit
384 1313 483 1375 literis
506 1307 647 1388 exempla
668 1307 729 1370 alio
752 1307 842 1387 loc03
876 1323 957 1371 nuuc
979 1306 1017 1370 de
1040 1307 1188 1370 termina-

72 1425 196 1486 tionum
217 1417 371 1480 varietate
392 1412 492 1475 dicam
513 1424 576 1473 nou
597 1405 774 1485 singillatim
796 1357 853 1470 sed
873 1407 1058 1489 generatim,
1087 1421 1188 1486 neque

74 1521 182 1584 emula
202 1513 427 1580 vocabulorum
454 1524 571 1589 genera
596 1504 785 1584 complectar
807 1504 863 1569 sed
884 1505 1080 1568 substantiva
1101 1504 1186 1584 sola;

73 1637 111 1684 ac
132 1635 175 1682 ne
197 1617 278 1679 haec
300 1610 421 1694 quidem
442 1608 481 1672 ad
503 1613 671 1670 extremum
697 1610 728 1666 ct
756 1619 918 1684 quousque
940 1620 1019 1684 opus
1041 1610 1090 1666 est
1112 1619 1187 1684 per-

74 1734 193 1800 sequar
217 1712 275 1778 sed
295 1711 395 1790 magis
416 1705 553 1771 tentandi
574 1710 605 1767 et
627 1701 808 1784 proludendi
830 1720 934 1767 causa.
960 1702 1085 1774 „Adhuc
1106 1702 1185 1765 enim

74 1823 106 1883 in
126 1813 296 1882 vestibulis
319 1809 395 1872 artis
417 1805 616 1869 consistimus
638 1801 860 1882 speculabundi
878 1801 1056 1882 similesque
1078 1802 1186 1864 turbae

74 1919 226 1984 curiosae
253 1926 335 1992 quae
363 1905 412 1970 die
440 1906 520 1967 leste
549 1903 769 1966 dominantium
799 1901 914 1982 palatia
941 1899 1095 1962 luminosa
1122 1901 1186 1961 cir-

73 2019 213 2083 cumstat
246 2027 303 2092 per
334 2007 428 2090 rimas
458 2009 605 2084 spectans
633 2017 792 2079 vocesque
820 2002 901 2063 torte
929 1999 1060 2061 emissas
1087 1995 1185 2061 avidis

73 2124 211 2199 captans
232 2108 369 2174 auribus.
410 2103 496 2166 lutus
518 2101 621 2163 omnia
643 2099 736 2180 plena
756 2098 835 2162 lucis
855 2105 885 2161 et
908 2099 1049 2179 canoris,
1075 2103 1106 2160 et
1126 2113 1185 2176 ap-

72 2220 187 2298 parent
215 2225 273 2292 per
304 2207 459 2269 leuestras
488 2201 627 2280 picturae
648 2200 799 2280 parietum
821 2204 852 2261 et
872 2196 1062 2259 lacunarium
1089 2212 1185 2257 erua-

70 2319 180 2379 menta
202 2316 234 2373 et
256 2301 506 2370 circumeuntium
529 2300 631 2379 capita
652 2299 861 2379 cristaeque
845 2302 1062 2360 nutantes-
1088 2295 1185 2358 Extra

73 2412 226 2478 tenebrae
249 2412 281 2470 et
303 2399 501 2483 conjecturde
523 2416 562 2462 ex
585 2413 685 2477 ungue
707 2397 817 2460 leonis.

156 2525 189 2593 s.
206 2515 235 2580 2.
274 2509 544 2577 substantivorum
564 2505 656 2585 igitur
678 2503 852 2584 positiones
875 2498 913 2563 ad
936 2500 995 2563 tria
1016 2499 1105 2581 quasi
1128 2515 1184 2562 ca-

72 2621 139 2700 pita
154 2613 303 2680 revecari
322 2614 465 2691 possunt,
486 2603 822 2686 paraschematismum‚
843 2600 1021 2682 motionem,
1042 2597 1184 2660 denomi-

71 2719 241 2782 nationem
274 2705 604 2774 Paraschematlsmum
626 2701 695 2764 dice
718 2718 784 2764 eam
802 2697 1023 2762 vocabulorum
1045 2695 1184 2758 declina-

72 2819 191 2880 tionem
218 2828 281 2892 qua
308 2805 483 2870 intellectus
511 2819 575 2865 non
602 2807 752 2883 mutatur,
779 2796 933 2861 vocabulo
955 2797 1081 2876 antiquo
1103 2810 1183 2857 nove

72 2933 149 2979 usus
171 2911 223 2976 vel
246 2908 352 2991 potius
374 2903 515 2982 ambiguo
534 2901 775 2981 circumscripte
808 2897 886 2960 Nam
905 2901 1029 2958 veteres
1051 2895 1098 2956 sie
1113 2891 1183 2973 ple-

72 3029 203 3093 rumque
233 3007 402 3072 motionem
429 3007 544 3064 vocant
572 3017 651 3082 quae
680 3000 712 3062 iit
739 3014 795 3079 per
822 3011 951 3076 genera:
996 2986 1014 3054 ὁ
1047 2988 1185 3073 σώφρων

73 3107 93 3194 o‘p
113 3108 266 3192 σώφρων,
296 3100 400 3186 μάκαρ
420 3096 566 3183 paulumper,
587 3093 665 3162 λέων
685 3092 791 3160 λέαινα
810 3094 955 3175 Apellen.
970 3091 1008 3154 de
1022 3089 1098 3154 ndv.
1113 3087 1182 3154 553.

74 3209 185 3276 arcad.
210 3205 261 3270 66.
304 3203 421 3268 Deinde
448 3200 670 3264 derivationem
698 3197 830 3260 nominis
853 3212 871 3257 a
892 3192 1031 3272 nomine,
1058 3189 1125 3252 sive
1147 3204 1185 3250 ca

74 3311 204 3374 vertitur
225 3304 402 3368 intellectus
424 3308 458 3366 ut
477 3322 514 3364 το
501 3293 611 3380 deiqq
633 3319 664 3360 οι
655 3295 803 3368 Ἀἰολεῖς
823 3287 917 3375 dedda]
932 3281 1074 3353 καὶκατὰ
1086 3297 1184 3365 παρὰ·

76 3396 289 3491 σχηματισμὸν
316 3392 462 3482 ds'pdrg‘
445 3423 464 3483 η
491 3393 592 3482 βύρσα
618 3398 683 3461 ΕΜ.
705 3395 776 3478 262,
798 3392 846 3458 56.
880 3391 947 3454 sive
973 3387 1053 3450 idem
1081 3390 1184 3447 manet

78 3508 295 3572 terminatione
317 3507 448 3565 mutata:
482 3492 636 3580 μηνιθμός
656 3497 747 3578 μῆνις
766 3479 1057 3574 παρασχηματισμὸς
1077 3477 1095 3546 ὁ
1115 3478 1184 3563 τρό-

76 3628 132 3680 erog
161 3600 268 3668 Schol
290 3599 323 3662 ΙΙ.
342 3598 418 3662 xvi.
433 3597 483 3661 62.
504 3593 539 3660 ἐκ
558 3620 616 3660 του
636 3617 757 3678 μηχανη
749 3588 892 3675 ’γίνεται
912 3587 1007 3669 μῆχος
1027 3575 1106 3646 κατὰ
1127 3601 1183 3642 aa·

77 3693 327 3786 ρασχημαιισμόν
347 3690 389 3772 ὡς
409 3691 508 3780 ἡδονή
529 3685 605 3780 ἦδος
625 3695 690 3759 ΕΜ.
704 3693 774 3776 585,
788 3691 836 3755 20
859 3688 970 3770 quibus
989 3679 1183 3746 Herodianus

78 3807 107 3867 iu
129 3801 234 3868 Schol.
255 3797 289 3862 ll.
308 3799 330 3860 l.
352 3796 421 3861 576.
449 3796 497 3861 tx.
515 3796 543 3861 5.
569 3797 657 3860 Eust.
680 3792 748 3874 154,
768 3789 817 3853 tc.
839 3785 922 3850 addit
944 3781 1066 3847 tertium
1086 3771 1184 3859 ἡμέρα

78 3893 190 4018 tppcaq³
212 3895 318 3962 Schel.
331 3895 433 3977 Apoll.
446 3896 467 3960 l.
483 3889 609 3960 1350.
594 3887 728 3975 ομὸρος
749 3879 1025 3968 παρεσχηματισιαι
1045 3871 1108 3939 ἀπὸ
1128 3877 1183 3939 τοῦ

142 4117 171 4184 3)
190 4115 344 4184 Ἥμεριι-
362 4104 452 4181 ἦμαρ,
479 4109 507 4162 ud
534 4105 668 4178 γὰριιιιὸ
691 4106 791 4161 δασέος
813 4093 1121 4171 1arerrtnpqtrcrrrdprece
1132 4102 1184 4158 ψι-
