2772 4992
213 275 284 346 m
418 315 483 324 «-
561 269 883 340 ntssutttnuto
911 273 972 339 Vii.

215 439 396 512 offendimus
416 429 565 520 orituros,
589 435 673 518 quod
693 453 786 519 quum
805 439 978 520 Hesychius
998 441 1108 518 στῦλος
1126 442 1334 525 interprete-

216 550 277 624 tur,
305 537 395 604 simui
420 553 482 603 uos
502 535 645 602 admonet
666 537 797 600 othuium
818 535 929 621 στήλη,
957 535 1082 615 enebris.
1122 539 1333 622 Adiectivum

218 633 358 722 ἐιοοοχής
378 637 443 703 nn.
465 638 670 720 eompositum
691 635 765 700 dieit
785 653 803 700 a
821 632 935 719 τρέχω,
957 643 1044 718 erutus
1066 640 1226 720 primitivo
1249 637 1334 722 τρέω

219 741 384 807 subuutum
404 743 452 802 est
464 733 594 821 dupppdr
606 735 704 800 simite
723 735 786 799 tere
802 736 978 818 atquoittud
991 738 1219 817 significatione
1230 757 1335 821 prae-

218 839 322 906 ditum.
363 837 494 904 Literam
522 842 572 900 eta
597 850 689 897 uuum
717 833 840 898 exhibet
862 827 1003 918 Ἀῥρηχοί
1024 838 1123 916 gentis
1145 842 1334 904 maeotioue

218 953 349 1020 nomeu,
374 933 457 1018 quod
484 932 630 998 Straboni
657 933 828 997 restitutum
857 941 905 998 est
931 933 981 999 xl.
1003 935 1073 1001 tte.
1102 944 1241 1002 accentu
1264 957 1333 1004 nou

218 1053 257 1103 οο
284 1051 374 1118 quern
401 1030 552 1098 Arcadius
580 1030 692 1113 posoit.
731 1023 856 1114 Ἀζηχὴς
880 1035 984 1115 potius
1010 1051 1050 1098 ex
1075 1027 1200 1118 ἀδιεχής
1224 1046 1333 1102 ortum

218 1149 309 1218 quam
331 1133 370 1198 ab
389 1126 452 1211 ἄξω
472 1133 557 1197 oteeo
577 1131 745 1228 differtum
762 1129 891 1195 uidetur.
925 1132 990 1229 hee
1010 1132 1190 1215 diphthongi
1215 1135 1272 1200 hio
1296 1155 1333 1201 se

215 1233 388 1299 ittttttisoent
412 1261 457 1278 -
478 1223 518 1294 τὰ
537 1228 580 1306 εἰς
598 1251 652 1314 χος
665 1221 845 1292 οὖθθουσι
864 1232 904 1315 τῇ
924 1251 950 1296 ει
975 1225 1211 1326 παραλήγεσῇαι
1232 1233 1334 1317 χωρὶς

216 1331 275 1396 νοῦ
293 1337 390 1412 τεῖχος
408 1325 462 1393 καὶ
480 1329 546 1394 τῶν
564 1322 635 1414 παρ’
657 1321 756 1393 αὐτοῦ
778 1328 912 1411 Theogn.
932 1330 1002 1396 tet.
1021 1323 1061 1393 τὰ
1080 1329 1123 1404 εἰς
1141 1353 1181 1414 χη
1205 1326 1251 1397 οὐ
1267 1331 1333 1398 θέ-

216 1433 306 1496 λοοοι
332 1429 372 1512 τῇ
399 1413 434 1492 εἴ
452 1423 684 1513 παραλὴγεοοοι
709 1427 880 1523 huon-de
908 1428 1041 1505 Quantit.
1069 1428 1167 1494 Crem.
1188 1431 1230 1497 Π.
1252 1433 1329 1500 302.

217 1528 301 1613 quod
327 1528 408 1594 idem
436 1528 518 1593 valet
539 1527 577 1593 de
597 1527 786 1610 diphthongo
808 1545 850 1590 eu.
893 1526 955 1593 Sed
977 1543 1014 1590 eo
1036 1527 1147 1593 laetius
1170 1533 1332 1598 exuberat

216 1629 308 1694 litero
325 1627 389 1692 iota
410 1629 577 1710 praeeipue
591 1629 623 1690 iu
641 1625 802 1690 uocabulis
818 1626 947 1690 aeoliois
967 1626 1159 1709 doneisque:
1181 1624 1331 1700 ἀπὸτοῦ

216 1720 337 1809 wito
357 1722 507 1809 πύόνκοο
526 1719 607 1790 κατὰ
627 1719 825 1808 παοανονήν·
870 1718 959 1801 neta
977 1723 1196 1808 παοοξνὸνωο
1218 1727 1331 1814 thov-

216 1841 276 1894 σιν.
309 1821 418 1892 Ἔστιν
443 1813 504 1889 οὖν
529 1817 769 1907 ὑκοκοοιστικὸν
796 1820 960 1899 celebreris²
987 1825 1089 1891 Sehot
1112 1827 1247 1897 Theoor.
1275 1833 1328 1898 lv.

216 1928 267 1994 20.
289 1925 323 1994 td
345 1942 400 1992 our
415 1923 581 2005 Gregorius
602 1924 728 1988 doricae
749 1923 940 1988 adsoriberet
959 1923 1090 1988 diateeto
1112 1926 1252 1993 tortasse
1273 1933 1329 1995 ni-

216 2027 260 2093 hii
287 2024 368 2093 aliud
395 2023 525 2089 rationis
547 2023 652 2087 habuit
671 2038 762 2103 mam
789 2023 861 2103 quio
881 2022 962 2103 apud
984 2023 1178 2088 Theocritum
1197 2027 1327 2116 legitur,

214 2131 269 2191 aut
290 2124 373 2206 quod
393 2122 568 2188 Athenaeus
589 2121 665 2186 XIV.
688 2120 758 2186 613.
777 2121 812 2186 11.
833 2122 990 2203 proprium
1013 2117 1326 2204 Hdddupoghaooni-

214 2223 261 2290 eis
283 2221 432 2288 familiare
452 2237 525 2286 esse
549 2220 666 2285 soribit.
717 2219 879 2300 Adjeetiuo
909 2221 987 2284 enim
1011 2222 1199 2289 Aristoteles
1228 2233 1325 2310 atque

214 2321 267 2388 ulii
287 2323 336 2386 usi
357 2325 430 2386 suut
451 2336 623 2386 sermonem
648 2319 731 2400 uutgi
758 2325 924 2400 sequentes
946 2335 1046 2400 neque
1066 2330 1196 2402 apparet
1218 2332 1324 2392 utrum
1373 2391 1374 2398 ,

213 2418 246 2484 hi
270 2421 369 2484 rutum
396 2419 635 2500 signtueaverint
661 2435 701 2482 on
730 2418 860 2482 rutulum
886 2417 936 2481 uei
958 2419 1132 2501 subrutum,
1160 2423 1322 2509 quiores,
1373 2415 1374 2442 ¹

215 2517 388 2599 dequibus
416 2517 599 2601 loquuntur,
625 2533 689 2581 non
716 2517 775 2581 sub
803 2513 912 2580 oeulos
937 2519 1071 2582 veniunt.
1116 2517 1195 2585 iilud
1219 2527 1323 2588 tamen

214 2631 273 2699 pro
293 2622 379 2680 oerto
401 2616 476 2697 poni
496 2620 603 2696 potest
618 2615 853 2680 deminutionem
870 2613 1099 2700 adjectivorum,
1120 2633 1201 2698 quae
1223 2620 1322 2687 latino

215 2715 351 2780 sermoni
378 2712 630 2798 familiarissima,
657 2715 769 2778 Atticis
784 2715 947 2786 ¹insuetam
974 2730 1011 2778 ae
1037 2731 1076 2778 ue
1103 2715 1323 2786 incommune

214 2811 336 2896 quidem
366 2819 522 2894 receptam
550 2813 648 2877 tuisse
675 2811 731 2878 sed
759 2812 886 2876 haerere
911 2812 944 2875 iu
970 2812 1080 2876 tinibus
1108 2813 1250 2881 Dorismi
1271 2819 1320 2884 ubi

213 2905 360 2993 δριμύλος
381 2915 412 2975 et
431 2906 588 2993 μικκύλος,
611 2911 649 2975 de
671 2913 782 2993 quibus
804 2911 876 2974 abbi
891 2909 962 3002 diri.
1004 2910 1202 2994 Quapropter
1216 2916 1321 2982 Sobo-

213 3010 307 3074 tiasta
327 3010 468 3089 Dionysii
484 3027 519 3091 p.
539 3009 610 3075 862.
631 3013 734 3074 uarias
756 3011 1009 3076 deminutivorum
1030 3011 1154 3090 speeies
1184 3030 1320 3093 percen-

213 3124 305 3191 seas,
331 3106 414 3170 iliius
437 3109 660 3172 terminationis
681 3111 795 3174 nuttam
815 3109 999 3174 mentionem
1020 3109 1134 3189 injecit.
1178 3113 1243 3178 Sed
1265 3108 1320 3178 ὁο-

212 3206 296 3288 οίχος
322 3205 433 3286 legitur
465 3207 497 3272 in
526 3207 681 3272 Theooriti
709 3208 843 3273 carmine
877 3206 1008 3271 dorieo³
1033 3207 1126 3289 idque
1151 3213 1318 3278 manifesto

213 3306 365 3386 signifieat
386 3305 576 3389 mentulas,
604 3308 664 3372 etsi
684 3307 857 3387 Hesychius
881 3303 961 3370 idem
980 3306 1142 3370 uocabulis
1163 3309 1319 3377 absolutis

212 3399 305 3482 ὅσον,
327 3396 442 3485 ἡλίκον,
464 3401 594 3469 reddere
615 3412 744 3471 coaetus
767 3415 815 3470 est
829 3406 909 3468 siout
925 3397 1248 3490 reootpouhoootpov)
1269 3411 1317 3474 iu-

212 3509 400 3584 terpretatur
426 3498 554 3584 μικρόν,
589 3521 644 3586 pro
673 3523 734 3586 quo
770 3504 997 3585 Aristophanes
1030 3505 1207 3568 τυννοῦτον
1233 3509 1316 3574 dixit.

211 3597 368 3683 Κάδδιχος
389 3600 471 3681 quod
491 3603 627 3666 Koenius
649 3603 687 3667 ad
711 3603 799 3684 Greg.
820 3602 891 3668 292.
913 3602 951 3667 ad
973 3602 1158 3668 deminutira
1175 3605 1316 3672 tanoniea

210 3702 315 3784 retort,
335 3716 398 3765 non
419 3699 569 3766 καδίσκον
589 3701 646 3767 sed
668 3709 784 3767 oertam
800 3700 951 3784 quandam
965 3718 1139 3768 mensuram
1154 3704 1315 3790 signifieat,

276 3951 306 4018 2)
323 3950 435 4006 Aeolieu
453 3955 494 4006 est
511 3952 654 4018 geminatio
675 3951 768 4006 literae
785 3950 832 4005 rho
850 3957 878 4006 ut
893 3950 1055 4020 Πέῤῥαιβοι,
1076 3955 1176 4020 aptaro
1195 3959 1248 4010 etc.

278 4033 308 4100 3)
329 4033 371 4088 tv.
390 4031 495 4112 bei
519 4033 666 4089 Meinekius
689 4032 804 4103 ὅσσιχον
826 4033 918 4089 edidit.
955 4033 1048 4102 Neque
1075 4034 1204 4090 Arcadius
1223 4054 1250 4110 p.
1270 4040 1309 4095 85.

163 4195 170 4210 ’
210 4121 370 4182 parouptona
381 4118 406 4170 in
418 4135 470 4185 χον
487 4118 585 4184 attigit;
603 4116 735 4186 πορῥίχος
748 4122 833 4174 tamen
848 4119 1042 4172 memoratoria
1055 4117 1116 4173 seh.
1131 4119 1242 4178 Theocr.
1257 4123 1273 4176 1.
1286 4137 1305 4176 c.
