2772 4992
65 239 140 304 DE
157 239 254 303 ΝΟΜ.
271 235 436 312 QUORUM
451 236 564 302 CHAR.
577 237 654 301 EST
668 235 877 302 DENTALIS.
902 240 934 303 C.
948 241 995 305 lv.
1013 248 1042 315 §.
1057 241 1085 306 9.
1113 243 1178 312 ool

23 409 156 484 cujus
179 403 344 466 manifesta
364 408 413 466 est
434 419 502 466 cum
522 397 618 484 κόρυς
635 401 780 480 coguatio
798 401 854 464 scd
873 404 1029 484 scriptura
1047 406 1175 472 ineerta.

22 505 228 582 Paragoge
250 501 416 581 singularis
440 501 572 582 exempli
594 506 642 564 est
661 495 810 582 νηπύτιος
830 519 849 564 a
869 497 987 583 νήπιος.

148 623 180 690 ς.
201 615 230 680 9.
277 610 325 678 Τὰ
352 615 395 690 είς
421 602 501 690 οἶος
528 609 667 692 ὀξύνεται
687 610 888 697 περοωτός,18
913 613 1086 696 τορνωτός,·
1099 641 1171 700 χρυ-

23 714 171 790 σωτός,
201 712 355 794 Βοιωτός,
384 712 507 797 μυωτός
534 723 592 779 cte.
623 714 694 776 Arc.
715 713 764 778 82.
793 731 921 797 quorum
949 731 1041 779 uuum
1068 717 1168 780 solum

27 816 357 881 commemoratione
385 813 507 894 dignum
529 821 595 879 erat
617 808 772 890 Βοιωτός,
808 831 826 876 a
846 815 924 896 βοῦς
945 813 1113 878 derivatum
1135 823 1168 877 ut

26 912 183 1000 βοώτης
209 931 237 979 v.
262 913 397 994 Euphor.
427 915 544 994 Tragm.
565 911 665 976 XLIX.
695 919 728 974 ut
757 912 920 991 κλίβανος
939 911 1108 995 λιβανωτός
1137 921 1177 976 et·

28 1009 193 1098 κιβωτός
213 1013 288 1086 ἴσως
307 1005 448 1092 παρίετο
468 1013 555 1094 κίβος
575 1007 595 1074 ὅ
615 1007 678 1074 ἐστι
695 1006 797 1092 τροφή
818 1011 884 1076 ΕΜ.
905 1011 962 1075 sed
977 1013 1037 1076 hoc
1052 1014 1166 1076 rectius

31 1136 63 1179 a
102 1115 202 1198 κίββα
228 1109 312 1194 πήρα
339 1112 411 1175 Hes,
432 1110 512 1175 undo
539 1111 650 1193 κίβισις
669 1106 753 1190 πήρα
773 1103 794 1191 ἡ
815 1106 946 1192 κιβωτός
967 1111 1071 1174 schot.
1091 1111 1164 1173 Hos.

32 1218 145 1280 Scut.
166 1211 237 1276 224.
259 1209 430 1275 Salmasius
451 1227 526 1273 vero
547 1211 675 1273 Erercc.
698 1209 796 1272 Plinu.
819 1227 848 1290 p.
870 1209 939 1273 680.
960 1211 996 1273 λ
1019 1225 1086 1273 cum
1109 1211 1172 1272 ue·‘

29 1312 205 1395 gyptiucc
220 1305 367 1391 κιβοίριον
381 1309 548 1392 contendit,
562 1309 797 1388 hebraicumque
811 1313 936 1388 putatur
948 1309 1023 1391 θίβη
1036 1301 1169 1370 πλωτόν

33 1435 78 1475 τι
101 1404 298 1492 κιβωτοωὸἑς
317 1409 389 1473 Hes
412 1409 463 1489 qui
483 1407 567 1489 quod
583 1406 855 1487 suinoitfflpimvos
867 1403 1005 1486 κιβωτός,
1029 1409 1164 1470 sortasse

33 1527 118 1574 non
146 1509 196 1572 sic
216 1508 342 1588 scripsit
363 1507 419 1571 seu
440 1503 583 1590 θιβοντός.
625 1507 762 1570 Averbo
777 1501 833 1584 ἄιο,
855 1514 887 1569 ut
900 1507 1041 1589 creditur,
1063 1499 1164 1578 ἄωτος

37 1609 122 1674 sive
153 1603 259 1670 ἄωτον
287 1607 461 1685 berytonon
489 1614 519 1670 et
545 1601 705 1688 μυττωτόν
732 1605 762 1669 oi
785 1600 913 1670 Ἀττικοὶ
939 1599 1115 1687 ὖπότριμμοί
1132 1625 1163 1668 τι

37 1701 130 1790 μετὰ
153 1701 318 1786 σκορόδου.
349 1699 487 1779 Εὔπολις
507 1700 541 1768 δὲ
561 1702 597 1768 τὸ
618 1699 737 1788 α’μυλον
756 1700 855 1787 λέγων
874 1703 953 1788 φησὶ
971 1701 1010 1768 τὰ
1030 1700 1165 1786 σνκοίρια

39 1806 181 1890 ἐποίησε
207 1799 367 1889 μυττωτὸν
393 1798 502 1868 πολύν.
517 1806 545 1844 ¹⁰
580 1804 707 1885 Κυρίως
733 1801 768 1867 τὸ
795 1801 829 1868 ἐκ
849 1801 1011 1883 σκορόδων
1030 1799 1084 1866 καὶ
1103 1825 1161 1866 τυ-

40 1909 115 1989 ροῦ
151 1902 205 1969 καί
238 1899 331 1980 ὄξους
364 1896 537 1985 ὑπότριμμα
563 1899 649 1987 παρὰ
677 1897 713 1966 τὸ
743 1899 952 1985 cccccccccc
978 1894 1078 1966 αὐτοῦ
1103 1898 1162 1983 τίην

42 2001 159 2090 ὀσμὴν
179 2005 279 2088 τροπῇ
301 1996 407 2086 ἆττικῇ
424 1999 477 2066 καί
497 2005 679 2092 πλεονασμῷ
700 1997 768 2066 ἀντὶ
788 2005 846 2066 τοῦ
863 1996 1012 2085 μυσωτός.
1042 2001 1161 2064 Καλλί-

42 2127 154 2189 μαχος
174 2099 223 2186 ἣν
243 2097 483 2181 ἐντρίψαντο
502 2099 685 2183 μυσωτόν
705 2103 841 2167 Erotion.
864 2109 894 2166 et
913 2102 1049 2167 Seium.
1064 2102 1157 2182 Vesp.

43 2207 103 2271 62.
132 2202 215 2268 uude
243 2202 382 2282 Scaliger
410 2200 449 2265 ad
477 2201 586 2268 Catuli.
608 2221 637 2284 p.
659 2201 728 2267 15⁷.
755 2202 880 2267 latinum
902 2203 1059 2266 moretum
1080 2215 1160 2262 cou-

41 2319 178 2369 versum
198 2305 295 2383 putat,
316 2303 405 2379 cujus
420 2317 518 2365 neree
533 2301 786 2380 cccrjacutctcr
798 2306 930 2382 apertus
942 2303 1074 2381 spiritus
1087 2299 1160 2362 Mo-

45 2409 110 2468 ret.
141 2400 211 2466 106.
243 2392 394 2476 Καρωτόν
420 2415 484 2463 uon
512 2417 655 2482 graecum
685 2417 757 2466 esse
780 2400 1091 2480 Schweighaeuserus
1121 2398 1159 2461 ad

44 2502 163 2567 Athen.
186 2497 218 2562 T.
238 2495 273 2561 V.
294 2495 344 2560 30.
367 2496 484 2579 colligit
505 2517 543 2563 ox
564 2499 835 2581 Neophytirerbis
848 2501 1039 2580 σταφυλῖνον
1049 2492 1158 2578 ἄγριον

46 2600 81 2664 oi
103 2593 252 2680 Ῥωμαῖοι
277 2590 427 2676 καρωνόν.
474 2597 511 2661 Hi
539 2605 640 2663 autem
668 2605 806 2662 cerotum
832 2604 945 2661 vocant
974 2598 1110 2661 tortasse
1139 2613 1157 2660 e

45 2695 151 2782 κάρος
179 2697 245 2761 sive
273 2689 371 2776 κάρον
393 2712 530 2779 careum,
559 2700 648 2777 cujus
668 2697 756 2762 radix
776 2698 953 2778 pastinacae
973 2695 1066 2759 modo
1089 2694 1158 2758 edi-

47 2809 110 2864 tur.
138 2796 337 2876 Propriorum
360 2801 506 2858 accentus
528 2796 681 2860 instabilis
697 2803 760 2875 est3
782 2789 973 2875 Βουθρυτός
987 2793 1053 2858 sive
1070 2794 1157 2856 Bov-

46 2889 188 2978 θρωτόν,
217 2891 300 2975 quod
322 2893 349 2956 si
371 2895 574 2975 compositum
594 2893 735 2974 idemque
760 2901 845 2959 esset
866 2894 948 2976 quod
969 2888 1155 2976 βοίτρωτος,

49 3005 84 3061 οι
108 2993 266 3073 Stephano
288 2992 414 3074 placuit,
434 2993 556 3072 gravari
577 2999 749 3076 oporteret,
767 2986 934 3076 Ἀραχωτοί
947 2991 1047 3058 Strab.
1060 2984 1156 3054 Ἀπο-Ι

48 3093 147 3160 occet
167 3110 192 3156 s.
211 3084 372 3154 Ἀποδοτοί
393 3091 485 3156 Thuc.
506 3093 684 3172 Θεοπρωτοί
697 3099 752 3157 ete.
774 3088 996 3174 οοιίἍσβωτος
1014 3089 1154 3154 Thessa-

48 3197 112 3260 liae
123 3191 208 3273 urbe,
229 3185 408 3264 Μάσκωτος
427 3190 542 3270 Libyae
564 3193 669 3274 Steph.
688 3185 860 3272 Κίρῤωτος
875 3192 1052 3271 cyrenaeus
1067 3188 1153 3254 Pind.

49 3292 94 3366 είς
113 3285 274 3371 Ἕρμωτον
301 3289 421 3370 (omiss.
449 3290 481 3352 iu
502 3289 571 3372 m.)
598 3289 909 3372 Arriau.i.12,11.
938 3292 1026 3368 cujus
1054 3303 1152 3368 genus

49 3394 189 3472 ignotum
211 3395 267 3452 est.
297 3388 468 3452 Mascuiina
488 3389 604 3470 primae
617 3389 831 3454 declinationis
849 3395 920 3452 suut
934 3388 1062 3470 primum
1076 3401 1154 3466 pro-

49 3490 120 3572 pria
147 3492 180 3551 ut
207 3482 371 3569 Μωλιίτης
399 3487 593 3568 Corcyraeus
617 3489 649 3552 iu
670 3488 761 3571 Corp.
782 3488 878 3553 inser.
899 3503 928 3550 u.
950 3485 1039 3552 1845.
1060 3483 1079 3546 Ι.
1101 3482 1152 3548 3Τ.

118 3737 163 3803 18)
182 3735 363 3803 Theognostus
380 3751 406 3804 p.
424 3736 466 3793 76.
485 3735 613 3807 περυτός,
631 3737 700 3794 unde
719 3737 811 3794 elicias
828 3731 971 3805 πτερωτός.

118 3835 161 3904 19)
181 3833 283 3902 Tragm.
302 3835 330 3889 T.
351 3835 385 3889 il.
405 3837 463 3893 498
499 3837 583 3900 Quum
608 3850 672 3891 vero
691 3836 756 3891 sucus
781 3849 868 3904 neque
893 3833 977 3900 amplo
996 3832 1150 3885 comeciam

53 3934 136 3989 neque
155 3925 330 3974 memorentur
347 3920 373 3971 iu
392 3918 556 3974 coniectione
581 3920 673 3973 moreti
696 3933 721 3972 v.
739 3919 892 3974 Schneider.
917 3916 949 3970 ad
974 3912 1102 3980 Theophr.
1121 3913 1150 3967 T.

55 4003 99 4058 ΙΙΙ.
116 4001 173 4059 576.
192 4001 271 4055 scribi
289 4003 377 4056 malim
395 4001 429 4053 τὰ
450 3999 559 4072 φντοίρί
578 4000 713 4066 ἐξεποίησε
731 4017 810 4069 pauet.
827 3998 920 4060 πολύν,
940 4000 1009 4054 sicut
1027 3997 1152 4053 vinitores

56 4083 147 4156 βότρυς
164 4083 337 4138 ἐκπονεῖσθαι
355 4085 475 4140 dicuntur
492 4089 544 4141 etc.
