<?xml version="1.0" encoding="UTF-8"?>
<!DOCTYPE html PUBLIC "-//W3C//DTD XHTML 1.0 Transitional//EN"
    "http://www.w3.org/TR/xhtml1/DTD/xhtml1-transitional.dtd">
<html xmlns="http://www.w3.org/1999/xhtml" xml:lang="en" lang="en">
 <head>
  <title>
</title>
<meta http-equiv="Content-Type" content="text/html;charset=utf-8" />
  <meta name='ocr-system' content='tesseract 3.04.00' />
  <meta name='ocr-capabilities' content='ocr_page ocr_carea ocr_par ocr_line ocrx_word'/>
</head>
<body>
  <div class='ocr_page' id='page_1' title='image "./pathologiaeserm01lobegoog_0205.png"; bbox 0 0 2750 4994; ppageno 0'>
   <div class='ocr_carea' id='block_1_1' title="bbox 236 265 993 344">
    <p class='ocr_par' dir='ltr' id='par_1_1' title="bbox 236 265 993 344">
     <span class='ocr_line' id='line_1_1' title="bbox 236 265 993 344; baseline -0.012 -3"><span class='ocrx_word' id='word_1_1' title='bbox 236 271 304 344; x_wconf 83' lang='lat'><strong>188</strong></span> <span class='ocrx_word' id='word_1_2' title='bbox 587 265 911 334; x_wconf 79' lang='lat' dir='ltr'><strong>nlssnarnrlo</strong></span> <span class='ocrx_word' id='word_1_3' title='bbox 944 267 993 332; x_wconf 82' lang='lat' dir='ltr'><strong>lv.</strong></span> 
     </span>
    </p>
   </div>
   <div class='ocr_carea' id='block_1_2' title="bbox 232 428 1366 3584">
    <p class='ocr_par' dir='ltr' id='par_1_2' title="bbox 232 428 1366 3584">
     <span class='ocr_line' id='line_1_2' title="bbox 236 428 1344 521; baseline -0.003 -16"><span class='ocrx_word' id='word_1_4' title='bbox 236 438 371 504; x_wconf 81' lang='lat' dir='ltr'><strong>minatae</strong></span> <span class='ocrx_word' id='word_1_5' title='bbox 391 447 551 498; x_wconf 86' lang='lat' dir='ltr'><strong>consonae</strong></span> <span class='ocrx_word' id='word_1_6' title='bbox 571 431 752 516; x_wconf 87' lang='lat' dir='ltr'><strong>exemplum,</strong></span> <span class='ocrx_word' id='word_1_7' title='bbox 773 433 864 514; x_wconf 81' lang='lat' dir='ltr'><strong>quale</strong></span> <span class='ocrx_word' id='word_1_8' title='bbox 883 428 1030 516; x_wconf 75' lang='grc' dir='ltr'><strong><em>νήβανος</em></strong></span> <span class='ocrx_word' id='word_1_9' title='bbox 1049 429 1182 518; x_wconf 63' lang='lat' dir='ltr'><strong>uppem</strong></span> <span class='ocrx_word' id='word_1_10' title='bbox 1201 439 1344 521; x_wconf 86' lang='lat' dir='ltr'><strong>praebet,</strong></span> 
     </span>
     <span class='ocr_line' id='line_1_3' title="bbox 236 527 1342 620; baseline 0.001 -19"><span class='ocrx_word' id='word_1_11' title='bbox 236 536 270 601; x_wconf 92' lang='lat' dir='ltr'><strong>in</strong></span> <span class='ocrx_word' id='word_1_12' title='bbox 292 532 458 616; x_wconf 75' lang='lat' dir='ltr'><strong>paragogis</strong></span> <span class='ocrx_word' id='word_1_13' title='bbox 481 531 595 596; x_wconf 90' lang='lat' dir='ltr'><strong>nullum</strong></span> <span class='ocrx_word' id='word_1_14' title='bbox 618 539 742 614; x_wconf 86' lang='lat' dir='ltr'><strong>praeter</strong></span> <span class='ocrx_word' id='word_1_15' title='bbox 764 531 926 616; x_wconf 79' lang='lat' dir='ltr'><strong>adjectiva,</strong></span> <span class='ocrx_word' id='word_1_16' title='bbox 947 527 1094 615; x_wconf 73' lang='grc' dir='ltr'><strong><em>ἀργοννός</em></strong></span> <span class='ocrx_word' id='word_1_17' title='bbox 1111 536 1178 600; x_wconf 88' lang='grc' dir='ltr'><strong>ΕΜ.</strong></span> <span class='ocrx_word' id='word_1_18' title='bbox 1202 536 1275 620; x_wconf 88' lang='lat'>135,</span> <span class='ocrx_word' id='word_1_19' title='bbox 1296 538 1342 602; x_wconf 82' lang='grc'><strong>40.</strong></span> 
     </span>
     <span class='ocr_line' id='line_1_4' title="bbox 239 625 1342 718; baseline -0.001 -17"><span class='ocrx_word' id='word_1_20' title='bbox 239 633 322 718; x_wconf 81' lang='lat' dir='ltr'><strong>qnod</strong></span> <span class='ocrx_word' id='word_1_21' title='bbox 342 631 471 698; x_wconf 85' lang='lat' dir='ltr'><strong>Romani</strong></span> <span class='ocrx_word' id='word_1_22' title='bbox 490 637 684 712; x_wconf 86' lang='lat' dir='ltr'><strong>receperunt,</strong></span> <span class='ocrx_word' id='word_1_23' title='bbox 706 635 737 694; x_wconf 94' lang='lat' dir='ltr'><strong>et</strong></span> <span class='ocrx_word' id='word_1_24' title='bbox 757 625 928 714; x_wconf 77' lang='grc' dir='ltr'><strong><em>ἐροβεννός,</em></strong></span> <span class='ocrx_word' id='word_1_25' title='bbox 950 634 1061 713; x_wconf 82' lang='lat' dir='ltr'><strong>quibus</strong></span> <span class='ocrx_word' id='word_1_26' title='bbox 1083 634 1167 714; x_wconf 86' lang='lat' dir='ltr'><strong>quod</strong></span> <span class='ocrx_word' id='word_1_27' title='bbox 1186 636 1342 700; x_wconf 83' lang='lat' dir='ltr'><strong>Arcadias</strong></span> 
     </span>
     <span class='ocr_line' id='line_1_5' title="bbox 239 723 1342 815; baseline -0.002 -15"><span class='ocrx_word' id='word_1_28' title='bbox 239 733 353 815; x_wconf 74' lang='lat' dir='ltr'><strong>adiecit</strong></span> <span class='ocrx_word' id='word_1_29' title='bbox 372 723 552 804; x_wconf 74' lang='grc' dir='ltr'><strong><em>κελαδεννός</em></strong></span> <span class='ocrx_word' id='word_1_30' title='bbox 577 728 610 792; x_wconf 92' lang='lat' dir='ltr'><strong>iu</strong></span> <span class='ocrx_word' id='word_1_31' title='bbox 628 727 794 808; x_wconf 84' lang='lat' dir='ltr'><strong>Epicurum</strong></span> <span class='ocrx_word' id='word_1_32' title='bbox 820 733 1005 798; x_wconf 79' lang='lat' dir='ltr'><strong>carminibus</strong></span> <span class='ocrx_word' id='word_1_33' title='bbox 1033 733 1256 814; x_wconf 78' lang='lat' dir='ltr'>diphthongum</span> <span class='ocrx_word' id='word_1_34' title='bbox 1285 753 1342 798; x_wconf 91' lang='lat' dir='ltr'><strong>na·</strong></span> 
     </span>
     <span class='ocr_line' id='line_1_6' title="bbox 240 825 1340 916; baseline 0.001 -19"><span class='ocrx_word' id='word_1_35' title='bbox 240 834 332 898; x_wconf 81' lang='lat' dir='ltr'><strong>tivum</strong></span> <span class='ocrx_word' id='word_1_36' title='bbox 352 831 474 896; x_wconf 87' lang='lat' dir='ltr'><strong>retinet.</strong></span> <span class='ocrx_word' id='word_1_37' title='bbox 524 826 631 906; x_wconf 83' lang='lat' dir='ltr'><strong>anue</strong></span> <span class='ocrx_word' id='word_1_38' title='bbox 656 825 829 892; x_wconf 84' lang='lat' dir='ltr'><strong>firmissime</strong></span> <span class='ocrx_word' id='word_1_39' title='bbox 856 829 963 895; x_wconf 88' lang='lat' dir='ltr'><strong>haeret</strong></span> <span class='ocrx_word' id='word_1_40' title='bbox 992 833 1023 896; x_wconf 92' lang='lat' dir='ltr'><strong>in</strong></span> <span class='ocrx_word' id='word_1_41' title='bbox 1052 834 1181 916; x_wconf 84' lang='lat' dir='ltr'><strong>ceteris,</strong></span> <span class='ocrx_word' id='word_1_42' title='bbox 1211 851 1340 914; x_wconf 88' lang='lat' dir='ltr'><strong>quorum</strong></span> 
     </span>
     <span class='ocr_line' id='line_1_7' title="bbox 239 924 1340 1014; baseline 0.001 -19"><span class='ocrx_word' id='word_1_43' title='bbox 239 948 313 1014; x_wconf 87' lang='lat' dir='ltr'><strong>pars</strong></span> <span class='ocrx_word' id='word_1_44' title='bbox 334 933 434 1008; x_wconf 86' lang='lat' dir='ltr'><strong>major</strong></span> <span class='ocrx_word' id='word_1_45' title='bbox 455 944 472 991; x_wconf 86' lang='lat' dir='ltr'><strong>e</strong></span> <span class='ocrx_word' id='word_1_46' title='bbox 492 926 671 1008; x_wconf 78' lang='lat' dir='ltr'><strong>paronymis</strong></span> <span class='ocrx_word' id='word_1_47' title='bbox 692 933 826 990; x_wconf 89' lang='lat' dir='ltr'><strong>constat.</strong></span> <span class='ocrx_word' id='word_1_48' title='bbox 866 928 999 994; x_wconf 88' lang='lat' dir='ltr'><strong>Primum</strong></span> <span class='ocrx_word' id='word_1_49' title='bbox 1019 924 1081 994; x_wconf 80' lang='grc' dir='ltr'><strong>ἀπὸ</strong></span> <span class='ocrx_word' id='word_1_50' title='bbox 1101 934 1252 1013; x_wconf 75' lang='grc' dir='ltr'><strong><em>θηλυκῶν</em></strong></span> <span class='ocrx_word' id='word_1_51' title='bbox 1279 935 1340 996; x_wconf 73' lang='grc' dir='ltr'><strong><em>τῶν</em></strong></span> 
     </span>
     <span class='ocr_line' id='line_1_8' title="bbox 238 1017 1338 1112; baseline 0.005 -23"><span class='ocrx_word' id='word_1_52' title='bbox 238 1029 282 1104; x_wconf 71' lang='grc' dir='ltr'><strong>εἰς</strong></span> <span class='ocrx_word' id='word_1_53' title='bbox 301 1024 323 1092; x_wconf 77' lang='grc' dir='ltr'><strong><em>ἆ</em></strong></span> <span class='ocrx_word' id='word_1_54' title='bbox 343 1020 503 1110; x_wconf 74' lang='grc' dir='ltr'><strong><em>ληγόντων</em></strong></span> <span class='ocrx_word' id='word_1_55' title='bbox 519 1018 653 1107; x_wconf 74' lang='grc' dir='ltr'><strong><em>ὑγιεινός</em></strong></span> <span class='ocrx_word' id='word_1_56' title='bbox 673 1021 727 1088; x_wconf 80' lang='grc' dir='ltr'><strong>καὶ</strong></span> <span class='ocrx_word' id='word_1_57' title='bbox 746 1017 894 1102; x_wconf 67' lang='lat' dir='ltr'><strong>adducaris</strong></span> <span class='ocrx_word' id='word_1_58' title='bbox 914 1030 1075 1110; x_wconf 81' lang='lat' dir='ltr'><strong>Mosanop.</strong></span> <span class='ocrx_word' id='word_1_59' title='bbox 1091 1030 1209 1096; x_wconf 80' lang='lat' dir='ltr'><strong>,scned</strong></span> <span class='ocrx_word' id='word_1_60' title='bbox 1224 1049 1253 1112; x_wconf 91' lang='lat' dir='ltr'><strong>p.</strong></span> <span class='ocrx_word' id='word_1_61' title='bbox 1274 1032 1338 1096; x_wconf 73' lang='lat'>145.</span> 
     </span>
     <span class='ocr_line' id='line_1_9' title="bbox 232 1116 1335 1200; baseline 0.002 -8"><span class='ocrx_word' id='word_1_62' title='bbox 232 1121 371 1200; x_wconf 57' lang='grc' dir='ltr'><strong><em>’ἆλτανός</em></strong></span> <span class='ocrx_word' id='word_1_63' title='bbox 392 1132 423 1190; x_wconf 89' lang='lat' dir='ltr'><strong>et</strong></span> <span class='ocrx_word' id='word_1_64' title='bbox 443 1117 591 1190; x_wconf 84' lang='lat' dir='ltr'><strong>novitium</strong></span> <span class='ocrx_word' id='word_1_65' title='bbox 611 1116 755 1188; x_wconf 82' lang='grc' dir='ltr'><strong><em>ἁλιοειναὶ</em></strong></span> <span class='ocrx_word' id='word_1_66' title='bbox 776 1123 864 1188; x_wconf 79' lang='grc' dir='ltr'><strong><em>ἵπποι</em></strong></span> <span class='ocrx_word' id='word_1_67' title='bbox 884 1126 976 1190; x_wconf 85' lang='lat' dir='ltr'><strong>Antln.</strong></span> <span class='ocrx_word' id='word_1_68' title='bbox 998 1129 1058 1192; x_wconf 91' lang='lat' dir='ltr'><strong>nisi</strong></span> <span class='ocrx_word' id='word_1_69' title='bbox 1078 1123 1219 1192; x_wconf 80' lang='grc' dir='ltr'><strong><em>ἆλωτῖται</em></strong></span> <span class='ocrx_word' id='word_1_70' title='bbox 1241 1133 1296 1194; x_wconf 83' lang='lat' dir='ltr'><strong>tuit</strong></span> <span class='ocrx_word' id='word_1_71' title='bbox 1309 1131 1335 1194; x_wconf 89' lang='lat' dir='ltr'><strong>id</strong></span> 
     </span>
     <span class='ocr_line' id='line_1_10' title="bbox 238 1216 1337 1308; baseline 0.001 -17"><span class='ocrx_word' id='word_1_72' title='bbox 238 1233 288 1294; x_wconf 82' lang='lat' dir='ltr'><strong>cst</strong></span> <span class='ocrx_word' id='word_1_73' title='bbox 307 1219 434 1290; x_wconf 82' lang='grc' dir='ltr'><strong><em>ἁλαῖππι</em></strong></span> <span class='ocrx_word' id='word_1_74' title='bbox 455 1224 503 1304; x_wconf 88' lang='lat' dir='ltr'><strong>(nt</strong></span> <span class='ocrx_word' id='word_1_75' title='bbox 523 1216 682 1304; x_wconf 80' lang='grc' dir='ltr'><strong><em>ἁμαξιλτης</em></strong></span> <span class='ocrx_word' id='word_1_76' title='bbox 701 1223 733 1286; x_wconf 91' lang='lat' dir='ltr'><strong>iu</strong></span> <span class='ocrx_word' id='word_1_77' title='bbox 754 1222 823 1294; x_wconf 86' lang='lat' dir='ltr'><strong>aad.</strong></span> <span class='ocrx_word' id='word_1_78' title='bbox 846 1223 893 1288; x_wconf 75' lang='lat' dir='ltr'><strong>lli.</strong></span> <span class='ocrx_word' id='word_1_79' title='bbox 913 1224 999 1308; x_wconf 76' lang='lat'><strong>306.)</strong></span> <span class='ocrx_word' id='word_1_80' title='bbox 1022 1233 1053 1291; x_wconf 97' lang='lat' dir='ltr'><strong>et</strong></span> <span class='ocrx_word' id='word_1_81' title='bbox 1075 1229 1261 1292; x_wconf 85' lang='lat' dir='ltr'><strong>amasulino</strong></span> <span class='ocrx_word' id='word_1_82' title='bbox 1285 1247 1337 1292; x_wconf 88' lang='lat' dir='ltr'><strong>or-</strong></span> 
     </span>
     <span class='ocr_line' id='line_1_11' title="bbox 239 1318 1338 1408; baseline 0.001 -17"><span class='ocrx_word' id='word_1_83' title='bbox 239 1335 302 1391; x_wconf 93' lang='lat' dir='ltr'><strong>tum</strong></span> <span class='ocrx_word' id='word_1_84' title='bbox 328 1318 466 1406; x_wconf 78' lang='grc' dir='ltr'><strong><em>βορεινός</em></strong></span> <span class='ocrx_word' id='word_1_85' title='bbox 487 1321 591 1386; x_wconf 86' lang='lat' dir='ltr'><strong>Sohol</strong></span> <span class='ocrx_word' id='word_1_86' title='bbox 616 1320 763 1402; x_wconf 88' lang='lat' dir='ltr'><strong>Hippocr.</strong></span> <span class='ocrx_word' id='word_1_87' title='bbox 784 1322 816 1386; x_wconf 84' lang='lat' dir='ltr'><strong>T.</strong></span> <span class='ocrx_word' id='word_1_88' title='bbox 837 1322 873 1387; x_wconf 92' lang='lat' dir='ltr'><strong>ll.</strong></span> <span class='ocrx_word' id='word_1_89' title='bbox 896 1323 966 1388; x_wconf 83' lang='lat'>351.</span> <span class='ocrx_word' id='word_1_90' title='bbox 989 1326 1073 1406; x_wconf 88' lang='lat' dir='ltr'><strong>quod</strong></span> <span class='ocrx_word' id='word_1_91' title='bbox 1099 1328 1231 1408; x_wconf 76' lang='lat' dir='ltr'><strong>Augusti</strong></span> <span class='ocrx_word' id='word_1_92' title='bbox 1260 1336 1338 1394; x_wconf 89' lang='lat' dir='ltr'><strong>tem-</strong></span> 
     </span>
     <span class='ocr_line' id='line_1_12' title="bbox 239 1418 1338 1508; baseline 0.002 -19"><span class='ocrx_word' id='word_1_93' title='bbox 239 1439 319 1508; x_wconf 90' lang='lat' dir='ltr'><strong>pora</strong></span> <span class='ocrx_word' id='word_1_94' title='bbox 345 1439 409 1488; x_wconf 89' lang='lat' dir='ltr'><strong>aon</strong></span> <span class='ocrx_word' id='word_1_95' title='bbox 430 1419 551 1488; x_wconf 78' lang='lat' dir='ltr'><strong>excedit</strong></span> <span class='ocrx_word' id='word_1_96' title='bbox 578 1436 607 1484; x_wconf 82' lang='lat' dir='ltr'><strong>v.</strong></span> <span class='ocrx_word' id='word_1_97' title='bbox 626 1418 805 1498; x_wconf 77' lang='lat' dir='ltr'>Bernhardy</span> <span class='ocrx_word' id='word_1_98' title='bbox 831 1419 870 1485; x_wconf 87' lang='lat' dir='ltr'><strong>ad</strong></span> <span class='ocrx_word' id='word_1_99' title='bbox 894 1422 984 1487; x_wconf 83' lang='lat' dir='ltr'><strong>Ilion</strong></span> <span class='ocrx_word' id='word_1_100' title='bbox 1007 1442 1036 1505; x_wconf 89' lang='lat' dir='ltr'><strong>p.</strong></span> <span class='ocrx_word' id='word_1_101' title='bbox 1067 1424 1154 1490; x_wconf 83' lang='lat'>1012.</span> <span class='ocrx_word' id='word_1_102' title='bbox 1181 1427 1338 1508; x_wconf 83' lang='lat' dir='ltr'><strong>multoque</strong></span> 
     </span>
     <span class='ocr_line' id='line_1_13' title="bbox 239 1518 1337 1607; baseline 0.002 -19"><span class='ocrx_word' id='word_1_103' title='bbox 239 1527 313 1605; x_wconf 84' lang='lat' dir='ltr'><strong>post</strong></span> <span class='ocrx_word' id='word_1_104' title='bbox 342 1520 473 1586; x_wconf 72' lang='lat' dir='ltr'><strong>domnus</strong></span> <span class='ocrx_word' id='word_1_105' title='bbox 501 1537 518 1582; x_wconf 91' lang='lat' dir='ltr'><strong>a</strong></span> <span class='ocrx_word' id='word_1_106' title='bbox 545 1519 692 1582; x_wconf 85' lang='lat' dir='ltr'><strong>Romanis</strong></span> <span class='ocrx_word' id='word_1_107' title='bbox 719 1518 752 1580; x_wconf 91' lang='lat' dir='ltr'><strong>iu</strong></span> <span class='ocrx_word' id='word_1_108' title='bbox 774 1519 928 1584; x_wconf 84' lang='lat' dir='ltr'><strong>civitatem</strong></span> <span class='ocrx_word' id='word_1_109' title='bbox 954 1530 1113 1603; x_wconf 85' lang='lat' dir='ltr'><strong>receptum</strong></span> <span class='ocrx_word' id='word_1_110' title='bbox 1134 1531 1193 1607; x_wconf 88' lang='lat' dir='ltr'><strong>est,</strong></span> <span class='ocrx_word' id='word_1_111' title='bbox 1222 1527 1337 1590; x_wconf 89' lang='lat' dir='ltr'><strong>Licent.</strong></span> 
     </span>
     <span class='ocr_line' id='line_1_14' title="bbox 240 1616 1338 1705; baseline 0.002 -17"><span class='ocrx_word' id='word_1_112' title='bbox 240 1621 339 1688; x_wconf 81' lang='lat' dir='ltr'><strong>Caum.</strong></span> <span class='ocrx_word' id='word_1_113' title='bbox 361 1619 400 1683; x_wconf 92' lang='lat' dir='ltr'><strong>ad</strong></span> <span class='ocrx_word' id='word_1_114' title='bbox 419 1619 549 1699; x_wconf 79' lang='lat' dir='ltr'><strong>August.</strong></span> <span class='ocrx_word' id='word_1_115' title='bbox 570 1636 598 1681; x_wconf 85' lang='lat' dir='ltr'><strong>v.</strong></span> <span class='ocrx_word' id='word_1_116' title='bbox 618 1617 668 1682; x_wconf 77' lang='lat'><strong>57.</strong></span> <span class='ocrx_word' id='word_1_117' title='bbox 689 1616 789 1682; x_wconf 87' lang='lat' dir='ltr'><strong>Poctt.</strong></span> <span class='ocrx_word' id='word_1_118' title='bbox 810 1618 881 1682; x_wconf 88' lang='lat' dir='ltr'><strong>ltin.</strong></span> <span class='ocrx_word' id='word_1_119' title='bbox 904 1619 937 1685; x_wconf 84' lang='lat' dir='ltr'><strong>T.</strong></span> <span class='ocrx_word' id='word_1_120' title='bbox 958 1621 1006 1684; x_wconf 88' lang='lat' dir='ltr'><strong>lv.</strong></span> <span class='ocrx_word' id='word_1_121' title='bbox 1028 1621 1058 1685; x_wconf 90' lang='lat' dir='ltr'><strong>P.</strong></span> <span class='ocrx_word' id='word_1_122' title='bbox 1081 1622 1116 1686; x_wconf 92' lang='lat' dir='ltr'><strong>ll.</strong></span> <span class='ocrx_word' id='word_1_123' title='bbox 1151 1624 1215 1689; x_wconf 89' lang='lat' dir='ltr'><strong>Sed</strong></span> <span class='ocrx_word' id='word_1_124' title='bbox 1227 1647 1338 1705; x_wconf 80' lang='grc' dir='ltr'><strong><em>πετρει·</em></strong></span> 
     </span>
     <span class='ocr_line' id='line_1_15' title="bbox 238 1715 1335 1802; baseline -0.004 -14"><span class='ocrx_word' id='word_1_125' title='bbox 238 1716 294 1794; x_wconf 80' lang='grc' dir='ltr'><strong><em>νόο</em></strong></span> <span class='ocrx_word' id='word_1_126' title='bbox 313 1718 390 1784; x_wconf 91' lang='lat' dir='ltr'><strong>Poll.</strong></span> <span class='ocrx_word' id='word_1_127' title='bbox 412 1719 433 1784; x_wconf 94' lang='lat' dir='ltr'><strong>l.</strong></span> <span class='ocrx_word' id='word_1_128' title='bbox 456 1717 523 1784; x_wconf 83' lang='lat'><strong>186.</strong></span> <span class='ocrx_word' id='word_1_129' title='bbox 545 1723 576 1782; x_wconf 91' lang='lat' dir='ltr'><strong>ct</strong></span> <span class='ocrx_word' id='word_1_130' title='bbox 597 1715 742 1796; x_wconf 79' lang='lat' dir='ltr'><strong>analogia</strong></span> <span class='ocrx_word' id='word_1_131' title='bbox 762 1715 902 1796; x_wconf 86' lang='lat' dir='ltr'><strong>repudiat</strong></span> <span class='ocrx_word' id='word_1_132' title='bbox 924 1724 955 1781; x_wconf 91' lang='lat' dir='ltr'><strong>et</strong></span> <span class='ocrx_word' id='word_1_133' title='bbox 985 1719 1110 1785; x_wconf 88' lang='lat' dir='ltr'><strong>codices</strong></span> <span class='ocrx_word' id='word_1_134' title='bbox 1141 1726 1335 1802; x_wconf 86' lang='lat' dir='ltr'><strong>praetermit.</strong></span> 
     </span>
     <span class='ocr_line' id='line_1_16' title="bbox 239 1815 1339 1898; baseline -0.001 -11"><span class='ocrx_word' id='word_1_135' title='bbox 239 1826 316 1887; x_wconf 83' lang='lat' dir='ltr'><strong>tunt.</strong></span> <span class='ocrx_word' id='word_1_136' title='bbox 357 1819 414 1884; x_wconf 88' lang='lat' dir='ltr'><strong>llla</strong></span> <span class='ocrx_word' id='word_1_137' title='bbox 438 1833 513 1882; x_wconf 88' lang='lat' dir='ltr'><strong>vero</strong></span> <span class='ocrx_word' id='word_1_138' title='bbox 542 1815 786 1896; x_wconf 87' lang='lat' dir='ltr'><strong>aMoschopulo</strong></span> <span class='ocrx_word' id='word_1_139' title='bbox 815 1816 923 1898; x_wconf 84' lang='lat' dir='ltr'><strong>allata,</strong></span> <span class='ocrx_word' id='word_1_140' title='bbox 956 1834 1084 1897; x_wconf 88' lang='lat' dir='ltr'><strong>quorum</strong></span> <span class='ocrx_word' id='word_1_141' title='bbox 1113 1828 1258 1886; x_wconf 88' lang='lat' dir='ltr'><strong>auctores</strong></span> <span class='ocrx_word' id='word_1_142' title='bbox 1281 1840 1339 1886; x_wconf 91' lang='lat' dir='ltr'><strong>an-</strong></span> 
     </span>
     <span class='ocr_line' id='line_1_17' title="bbox 240 1912 1339 2002; baseline 0 -16"><span class='ocrx_word' id='word_1_143' title='bbox 240 1921 315 2002; x_wconf 82' lang='lat' dir='ltr'><strong>tiqui</strong></span> <span class='ocrx_word' id='word_1_144' title='bbox 337 1925 367 1984; x_wconf 89' lang='lat' dir='ltr'><strong>et</strong></span> <span class='ocrx_word' id='word_1_145' title='bbox 389 1917 483 1998; x_wconf 87' lang='lat' dir='ltr'><strong>attici,</strong></span> <span class='ocrx_word' id='word_1_146' title='bbox 503 1916 611 1980; x_wconf 88' lang='lat' dir='ltr'><strong>nescio</strong></span> <span class='ocrx_word' id='word_1_147' title='bbox 635 1931 674 1978; x_wconf 90' lang='lat' dir='ltr'><strong>au</strong></span> <span class='ocrx_word' id='word_1_148' title='bbox 695 1913 734 1978; x_wconf 86' lang='lat' dir='ltr'><strong>ab</strong></span> <span class='ocrx_word' id='word_1_149' title='bbox 755 1912 917 1994; x_wconf 78' lang='lat' dir='ltr'><strong>adjectivis</strong></span> <span class='ocrx_word' id='word_1_150' title='bbox 938 1924 1110 1998; x_wconf 76' lang='lat' dir='ltr'><strong>propagata</strong></span> <span class='ocrx_word' id='word_1_151' title='bbox 1132 1921 1193 1984; x_wconf 92' lang='lat' dir='ltr'><strong>sint</strong></span> <span class='ocrx_word' id='word_1_152' title='bbox 1214 1923 1339 1986; x_wconf 83' lang='lat' dir='ltr'><strong>uarian-</strong></span> 
     </span>
     <span class='ocr_line' id='line_1_18' title="bbox 240 2012 1338 2100; baseline -0.003 -15"><span class='ocrx_word' id='word_1_153' title='bbox 240 2019 297 2086; x_wconf 86' lang='lat' dir='ltr'><strong>dae</strong></span> <span class='ocrx_word' id='word_1_154' title='bbox 319 2016 552 2098; x_wconf 80' lang='lat' dir='ltr'><strong>significationis</strong></span> <span class='ocrx_word' id='word_1_155' title='bbox 573 2015 672 2095; x_wconf 79' lang='lat' dir='ltr'><strong>gratia</strong></span> <span class='ocrx_word' id='word_1_156' title='bbox 694 2013 834 2078; x_wconf 89' lang='lat' dir='ltr'><strong>adhunc</strong></span> <span class='ocrx_word' id='word_1_157' title='bbox 856 2016 951 2079; x_wconf 86' lang='lat' dir='ltr'><strong>ferme</strong></span> <span class='ocrx_word' id='word_1_158' title='bbox 971 2015 1108 2082; x_wconf 90' lang='lat' dir='ltr'><strong>modum:</strong></span> <span class='ocrx_word' id='word_1_159' title='bbox 1130 2012 1267 2100; x_wconf 80' lang='grc' dir='ltr'><strong><em>ὑγιεινὸν</em></strong></span> <span class='ocrx_word' id='word_1_160' title='bbox 1281 2023 1338 2084; x_wconf 75' lang='grc' dir='ltr'><strong>πᾶ.</strong></span> 
     </span>
     <span class='ocr_line' id='line_1_19' title="bbox 238 2107 1336 2203; baseline 0.001 -21"><span class='ocrx_word' id='word_1_161' title='bbox 238 2141 282 2203; x_wconf 89' lang='grc' dir='ltr'><strong>μα</strong></span> <span class='ocrx_word' id='word_1_162' title='bbox 302 2113 339 2182; x_wconf 89' lang='grc' dir='ltr'><strong>τὸ</strong></span> <span class='ocrx_word' id='word_1_163' title='bbox 358 2113 400 2198; x_wconf 86' lang='grc' dir='ltr'><strong>μὴ</strong></span> <span class='ocrx_word' id='word_1_164' title='bbox 421 2113 537 2201; x_wconf 76' lang='grc' dir='ltr'><strong><em>ῥᾳδίας</em></strong></span> <span class='ocrx_word' id='word_1_165' title='bbox 556 2109 743 2196; x_wconf 82' lang='grc' dir='ltr'><strong><em>τρεπόμενον</em></strong></span> <span class='ocrx_word' id='word_1_166' title='bbox 768 2107 846 2194; x_wconf 80' lang='grc' dir='ltr'><strong><em>πρὸς</em></strong></span> <span class='ocrx_word' id='word_1_167' title='bbox 864 2109 977 2192; x_wconf 82' lang='grc' dir='ltr'><strong><em>νόσον,</em></strong></span> <span class='ocrx_word' id='word_1_168' title='bbox 999 2107 1083 2196; x_wconf 78' lang='grc' dir='ltr'><strong><em>ὑγιὲς</em></strong></span> <span class='ocrx_word' id='word_1_169' title='bbox 1104 2112 1137 2179; x_wconf 83' lang='grc' dir='ltr'><strong>δὲ</strong></span> <span class='ocrx_word' id='word_1_170' title='bbox 1157 2113 1193 2181; x_wconf 86' lang='grc' dir='ltr'><strong>τὸ</strong></span> <span class='ocrx_word' id='word_1_171' title='bbox 1215 2114 1275 2201; x_wconf 79' lang='grc' dir='ltr'><strong>ἤδη</strong></span> <span class='ocrx_word' id='word_1_172' title='bbox 1294 2114 1336 2202; x_wconf 76' lang='grc' dir='ltr'><strong>μὴ</strong></span> 
     </span>
     <span class='ocr_line' id='line_1_20' title="bbox 238 2212 1337 2293; baseline 0.003 -12"><span class='ocrx_word' id='word_1_173' title='bbox 238 2217 356 2285; x_wconf 80' lang='grc' dir='ltr'><strong><em>νοσοῦν</em></strong></span> <span class='ocrx_word' id='word_1_174' title='bbox 382 2215 499 2293; x_wconf 83' lang='lat' dir='ltr'><strong>Fragm.</strong></span> <span class='ocrx_word' id='word_1_175' title='bbox 526 2213 598 2276; x_wconf 81' lang='lat' dir='ltr'><strong>Lex.</strong></span> <span class='ocrx_word' id='word_1_176' title='bbox 625 2212 658 2276; x_wconf 93' lang='lat' dir='ltr'><strong>in</strong></span> <span class='ocrx_word' id='word_1_177' title='bbox 684 2212 846 2277; x_wconf 88' lang='lat' dir='ltr'><strong>Hermann.</strong></span> <span class='ocrx_word' id='word_1_178' title='bbox 875 2213 912 2278; x_wconf 91' lang='lat' dir='ltr'><strong>de</strong></span> <span class='ocrx_word' id='word_1_179' title='bbox 939 2214 1064 2279; x_wconf 86' lang='lat' dir='ltr'><strong>Emend.</strong></span> <span class='ocrx_word' id='word_1_180' title='bbox 1093 2215 1163 2284; x_wconf 88' lang='lat'><strong>318.</strong></span> <span class='ocrx_word' id='word_1_181' title='bbox 1204 2220 1253 2283; x_wconf 85' lang='lat' dir='ltr'><strong>Ab</strong></span> <span class='ocrx_word' id='word_1_182' title='bbox 1281 2220 1337 2284; x_wconf 90' lang='lat' dir='ltr'><strong>ad-</strong></span> 
     </span>
     <span class='ocr_line' id='line_1_21' title="bbox 236 2306 1336 2400; baseline -0.003 -18"><span class='ocrx_word' id='word_1_183' title='bbox 236 2318 352 2400; x_wconf 78' lang='lat' dir='ltr'><strong>jectivo</strong></span> <span class='ocrx_word' id='word_1_184' title='bbox 377 2317 475 2377; x_wconf 90' lang='lat' dir='ltr'><strong>ortum</strong></span> <span class='ocrx_word' id='word_1_185' title='bbox 497 2310 590 2375; x_wconf 88' lang='lat' dir='ltr'><strong>habet</strong></span> <span class='ocrx_word' id='word_1_186' title='bbox 610 2307 778 2392; x_wconf 77' lang='grc' dir='ltr'><strong><em>ἐρατεινάς,</em></strong></span> <span class='ocrx_word' id='word_1_187' title='bbox 810 2314 848 2375; x_wconf 87' lang='lat' dir='ltr'><strong>ab</strong></span> <span class='ocrx_word' id='word_1_188' title='bbox 870 2306 965 2394; x_wconf 78' lang='grc' dir='ltr'><strong><em>ἀρνός</em></strong></span> <span class='ocrx_word' id='word_1_189' title='bbox 985 2306 1124 2395; x_wconf 79' lang='grc' dir='ltr'><strong><em>ἀργεινός</em></strong></span> <span class='ocrx_word' id='word_1_190' title='bbox 1146 2317 1229 2380; x_wconf 92' lang='lat' dir='ltr'><strong>Snid.</strong></span> <span class='ocrx_word' id='word_1_191' title='bbox 1252 2335 1287 2381; x_wconf 90' lang='lat' dir='ltr'><strong>ac</strong></span> <span class='ocrx_word' id='word_1_192' title='bbox 1311 2319 1336 2382; x_wconf 90' lang='lat' dir='ltr'><strong>si</strong></span> 
     </span>
     <span class='ocr_line' id='line_1_22' title="bbox 238 2408 1366 2494; baseline -0.001 -13"><span class='ocrx_word' id='word_1_193' title='bbox 238 2417 300 2482; x_wconf 84' lang='lat' dir='ltr'><strong>loc</strong></span> <span class='ocrx_word' id='word_1_194' title='bbox 321 2413 422 2477; x_wconf 88' lang='lat' dir='ltr'><strong>dotum</strong></span> <span class='ocrx_word' id='word_1_195' title='bbox 451 2417 499 2474; x_wconf 88' lang='lat' dir='ltr'><strong>est</strong></span> <span class='ocrx_word' id='word_1_196' title='bbox 527 2409 796 2494; x_wconf 81' lang='lat' dir='ltr'><strong>adrammaticis,</strong></span> <span class='ocrx_word' id='word_1_197' title='bbox 825 2418 909 2477; x_wconf 88' lang='lat' dir='ltr'><strong>certe</strong></span> <span class='ocrx_word' id='word_1_198' title='bbox 937 2408 1084 2494; x_wconf 76' lang='grc' dir='ltr'><strong><em>ἀργεννός</em></strong></span> <span class='ocrx_word' id='word_1_199' title='bbox 1115 2421 1146 2479; x_wconf 92' lang='lat' dir='ltr'><strong>et</strong></span> <span class='ocrx_word' id='word_1_200' title='bbox 1172 2416 1337 2480; x_wconf 90' lang='lat' dir='ltr'><strong>insularum</strong></span> <span class='ocrx_word' id='word_1_201' title='bbox 1365 2415 1366 2426; x_wconf 76' lang='grc'>’</span> 
     </span>
     <span class='ocr_line' id='line_1_23' title="bbox 236 2507 1336 2596; baseline -0.001 -16"><span class='ocrx_word' id='word_1_202' title='bbox 236 2507 454 2596; x_wconf 81' lang='grc' dir='ltr'><strong><em>Ἀργεννοῦσαι</em></strong></span> <span class='ocrx_word' id='word_1_203' title='bbox 474 2525 587 2573; x_wconf 91' lang='lat' dir='ltr'><strong>nomen</strong></span> <span class='ocrx_word' id='word_1_204' title='bbox 608 2510 758 2573; x_wconf 89' lang='lat' dir='ltr'><strong>aeolicum</strong></span> <span class='ocrx_word' id='word_1_205' title='bbox 780 2513 1043 2594; x_wconf 75' lang='lat' dir='ltr'><strong>caementariique</strong></span> <span class='ocrx_word' id='word_1_206' title='bbox 1066 2513 1148 2594; x_wconf 88' lang='lat' dir='ltr'><strong>quod</strong></span> <span class='ocrx_word' id='word_1_207' title='bbox 1169 2513 1260 2578; x_wconf 89' lang='lat' dir='ltr'><strong>hodie</strong></span> <span class='ocrx_word' id='word_1_208' title='bbox 1276 2511 1336 2579; x_wconf 79' lang='lat' dir='ltr'><strong>Kal-</strong></span> 
     </span>
     <span class='ocr_line' id='line_1_24' title="bbox 240 2603 1336 2698; baseline 0 -20"><span class='ocrx_word' id='word_1_209' title='bbox 240 2615 296 2698; x_wconf 84' lang='grc' dir='ltr'><strong>βος</strong></span> <span class='ocrx_word' id='word_1_210' title='bbox 310 2608 427 2691; x_wconf 79' lang='grc' dir='ltr'><strong><em>ἄοπρος</em></strong></span> <span class='ocrx_word' id='word_1_211' title='bbox 442 2608 528 2688; x_wconf 84' lang='lat' dir='ltr'><strong>Cupo</strong></span> <span class='ocrx_word' id='word_1_212' title='bbox 551 2606 673 2691; x_wconf 76' lang='lat' dir='ltr'><strong>diocto,</strong></span> <span class='ocrx_word' id='word_1_213' title='bbox 696 2603 1156 2690; x_wconf 76' lang='lat' dir='ltr'><strong>olim”Apprvaueuocabatur.3</strong></span> <span class='ocrx_word' id='word_1_214' title='bbox 1190 2613 1336 2678; x_wconf 88' lang='lat' dir='ltr'><strong>Sedlicti-</strong></span> 
     </span>
     <span class='ocr_line' id='line_1_25' title="bbox 241 2705 1334 2801; baseline -0.002 -24"><span class='ocrx_word' id='word_1_215' title='bbox 241 2714 281 2778; x_wconf 87' lang='lat' dir='ltr'><strong>cin</strong></span> <span class='ocrx_word' id='word_1_216' title='bbox 312 2707 466 2793; x_wconf 88' lang='lat' dir='ltr'><strong>persimile</strong></span> <span class='ocrx_word' id='word_1_217' title='bbox 493 2705 569 2770; x_wconf 88' lang='lat' dir='ltr'><strong>illud</strong></span> <span class='ocrx_word' id='word_1_218' title='bbox 596 2722 656 2786; x_wconf 87' lang='lat' dir='ltr'><strong>quc</strong></span> <span class='ocrx_word' id='word_1_219' title='bbox 686 2706 927 2801; x_wconf 64' lang='lat' dir='ltr'><strong>Cdoeroboscus</strong></span> <span class='ocrx_word' id='word_1_220' title='bbox 955 2710 1050 2773; x_wconf 86' lang='lat' dir='ltr'><strong>utitur</strong></span> <span class='ocrx_word' id='word_1_221' title='bbox 1078 2710 1176 2774; x_wconf 83' lang='lat' dir='ltr'><strong>Cram.</strong></span> <span class='ocrx_word' id='word_1_222' title='bbox 1206 2712 1241 2777; x_wconf 86' lang='lat' dir='ltr'><strong>ll</strong></span> <span class='ocrx_word' id='word_1_223' title='bbox 1271 2713 1334 2778; x_wconf 86' lang='lat'><strong>180.</strong></span> 
     </span>
     <span class='ocr_line' id='line_1_26' title="bbox 239 2799 1334 2893; baseline -0.003 -18"><span class='ocrx_word' id='word_1_224' title='bbox 239 2804 276 2875; x_wconf 83' lang='grc' dir='ltr'><strong>τὸ</strong></span> <span class='ocrx_word' id='word_1_225' title='bbox 296 2801 444 2890; x_wconf 79' lang='grc' dir='ltr'><strong><em>θαμτινός</em></strong></span> <span class='ocrx_word' id='word_1_226' title='bbox 465 2799 543 2886; x_wconf 82' lang='grc' dir='ltr'>(ὅτε)</span> <span class='ocrx_word' id='word_1_227' title='bbox 565 2799 617 2868; x_wconf 77' lang='grc' dir='ltr'><strong>διὰ</strong></span> <span class='ocrx_word' id='word_1_228' title='bbox 637 2805 692 2888; x_wconf 81' lang='grc' dir='ltr'><strong>τῆς</strong></span> <span class='ocrx_word' id='word_1_229' title='bbox 712 2827 737 2869; x_wconf 84' lang='grc' dir='ltr'><strong>ει</strong></span> <span class='ocrx_word' id='word_1_230' title='bbox 756 2801 921 2890; x_wconf 77' lang='grc' dir='ltr'><strong><em>γράφεται,</em></strong></span> <span class='ocrx_word' id='word_1_231' title='bbox 944 2800 1004 2871; x_wconf 81' lang='grc' dir='ltr'><strong>οὐκ</strong></span> <span class='ocrx_word' id='word_1_232' title='bbox 1024 2804 1106 2871; x_wconf 80' lang='grc' dir='ltr'><strong><em>ἔστιν</em></strong></span> <span class='ocrx_word' id='word_1_233' title='bbox 1128 2804 1190 2872; x_wconf 86' lang='grc' dir='ltr'><strong>ἀπὸ</strong></span> <span class='ocrx_word' id='word_1_234' title='bbox 1212 2807 1334 2893; x_wconf 64' lang='grc' dir='ltr'><strong><em>ἐπιρρή-</em></strong></span> 
     </span>
     <span class='ocr_line' id='line_1_27' title="bbox 240 2897 1333 2994; baseline 0.003 -23"><span class='ocrx_word' id='word_1_235' title='bbox 240 2930 337 2994; x_wconf 85' lang='grc' dir='ltr'><strong><em>ματος</em></strong></span> <span class='ocrx_word' id='word_1_236' title='bbox 357 2906 430 2990; x_wconf 80' lang='grc' dir='ltr'><strong>(τοῦ</strong></span> <span class='ocrx_word' id='word_1_237' title='bbox 448 2900 551 2986; x_wconf 79' lang='grc' dir='ltr'><strong><em>θαμά)</em></strong></span> <span class='ocrx_word' id='word_1_238' title='bbox 573 2897 650 2966; x_wconf 75' lang='grc' dir='ltr'><strong>ἀλλὰ</strong></span> <span class='ocrx_word' id='word_1_239' title='bbox 670 2901 868 2988; x_wconf 78' lang='grc' dir='ltr'><strong><em>παρώνυμον·</em></strong></span> <span class='ocrx_word' id='word_1_240' title='bbox 890 2900 951 2969; x_wconf 82' lang='grc' dir='ltr'><strong>ἀπὸ</strong></span> <span class='ocrx_word' id='word_1_241' title='bbox 972 2908 1030 2970; x_wconf 82' lang='grc' dir='ltr'><strong>τοῦ</strong></span> <span class='ocrx_word' id='word_1_242' title='bbox 1051 2904 1168 2989; x_wconf 83' lang='grc' dir='ltr'><strong><em>(θαμός</em></strong></span> <span class='ocrx_word' id='word_1_243' title='bbox 1187 2911 1257 2993; x_wconf 83' lang='grc' dir='ltr'><strong><em>τοῦ)</em></strong></span> <span class='ocrx_word' id='word_1_244' title='bbox 1281 2926 1333 2992; x_wconf 81' lang='lat' dir='ltr'><strong>op·</strong></span> 
     </span>
     <span class='ocr_line' id='line_1_28' title="bbox 240 2995 1334 3092; baseline -0.003 -19"><span class='ocrx_word' id='word_1_245' title='bbox 240 3009 405 3092; x_wconf 75' lang='grc' dir='ltr'><strong><em>μαίνοντος</em></strong></span> <span class='ocrx_word' id='word_1_246' title='bbox 430 2997 467 3068; x_wconf 84' lang='grc' dir='ltr'><strong>τὸ</strong></span> <span class='ocrx_word' id='word_1_247' title='bbox 494 2998 623 3086; x_wconf 76' lang='grc' dir='ltr'><strong><em>συνεχής</em></strong></span> <span class='ocrx_word' id='word_1_248' title='bbox 651 3005 777 3084; x_wconf 77' lang='grc' dir='ltr'><strong><em>(γίνεται</em></strong></span> <span class='ocrx_word' id='word_1_249' title='bbox 804 3001 965 3087; x_wconf 62' lang='lat' dir='ltr'><strong>emunda)</strong></span> <span class='ocrx_word' id='word_1_250' title='bbox 995 3004 1047 3070; x_wconf 81' lang='grc' dir='ltr'><strong>καὶ</strong></span> <span class='ocrx_word' id='word_1_251' title='bbox 1076 3000 1216 3092; x_wconf 77' lang='grc' dir='ltr'><strong><em>ἀποβολῇ</em></strong></span> <span class='ocrx_word' id='word_1_252' title='bbox 1242 2995 1334 3074; x_wconf 77' lang='grc' dir='ltr'><strong><em>τοῦν</em></strong></span> 
     </span>
     <span class='ocr_line' id='line_1_29' title="bbox 240 3098 1333 3189; baseline -0.002 -17"><span class='ocrx_word' id='word_1_253' title='bbox 240 3101 378 3189; x_wconf 77' lang='grc' dir='ltr'><strong>θαμειάς,</strong></span> <span class='ocrx_word' id='word_1_254' title='bbox 400 3098 524 3186; x_wconf 66' lang='grc' dir='ltr'><strong><em>θαμινά,</em></strong></span> <span class='ocrx_word' id='word_1_255' title='bbox 546 3101 629 3183; x_wconf 89' lang='lat' dir='ltr'><strong>quod</strong></span> <span class='ocrx_word' id='word_1_256' title='bbox 650 3119 741 3167; x_wconf 92' lang='lat' dir='ltr'><strong>unum</strong></span> <span class='ocrx_word' id='word_1_257' title='bbox 760 3106 909 3170; x_wconf 90' lang='lat' dir='ltr'><strong>noscitur.</strong></span> <span class='ocrx_word' id='word_1_258' title='bbox 944 3107 1167 3172; x_wconf 84' lang='lat' dir='ltr'><strong>Anomiuibus</strong></span> <span class='ocrx_word' id='word_1_259' title='bbox 1185 3111 1333 3174; x_wconf 88' lang='lat' dir='ltr'><strong>secundae</strong></span> 
     </span>
     <span class='ocr_line' id='line_1_30' title="bbox 242 3196 1333 3290; baseline 0 -18"><span class='ocrx_word' id='word_1_260' title='bbox 242 3204 456 3273; x_wconf 87' lang='lat' dir='ltr'><strong>declinationis</strong></span> <span class='ocrx_word' id='word_1_261' title='bbox 476 3196 648 3275; x_wconf 67' lang='lat' dir='ltr'><strong>mindereris</strong></span> <span class='ocrx_word' id='word_1_262' title='bbox 669 3203 766 3282; x_wconf 87' lang='lat' dir='ltr'><strong>epicis</strong></span> <span class='ocrx_word' id='word_1_263' title='bbox 788 3205 935 3268; x_wconf 81' lang='lat' dir='ltr'><strong>familiare</strong></span> <span class='ocrx_word' id='word_1_264' title='bbox 959 3212 990 3269; x_wconf 91' lang='lat' dir='ltr'><strong>et</strong></span> <span class='ocrx_word' id='word_1_265' title='bbox 1010 3204 1171 3290; x_wconf 77' lang='grc' dir='ltr'><strong><em>ποθεινός,</em></strong></span> <span class='ocrx_word' id='word_1_266' title='bbox 1194 3226 1256 3288; x_wconf 86' lang='lat' dir='ltr'><strong>quo</strong></span> <span class='ocrx_word' id='word_1_267' title='bbox 1277 3211 1333 3286; x_wconf 78' lang='lat' dir='ltr'><strong>Ly-</strong></span> 
     </span>
     <span class='ocr_line' id='line_1_31' title="bbox 241 3298 1333 3388; baseline -0.005 -16"><span class='ocrx_word' id='word_1_268' title='bbox 241 3307 306 3372; x_wconf 84' lang='lat' dir='ltr'><strong>sias</strong></span> <span class='ocrx_word' id='word_1_269' title='bbox 329 3309 359 3368; x_wconf 93' lang='lat' dir='ltr'><strong>et</strong></span> <span class='ocrx_word' id='word_1_270' title='bbox 379 3301 553 3383; x_wconf 86' lang='lat' dir='ltr'><strong>Xenophon</strong></span> <span class='ocrx_word' id='word_1_271' title='bbox 575 3302 623 3364; x_wconf 89' lang='lat' dir='ltr'><strong>usi</strong></span> <span class='ocrx_word' id='word_1_272' title='bbox 645 3307 736 3381; x_wconf 79' lang='lat' dir='ltr'><strong>sunt3</strong></span> <span class='ocrx_word' id='word_1_273' title='bbox 758 3298 893 3377; x_wconf 83' lang='grc' dir='ltr'><strong><em>κοιιινός</em></strong></span> <span class='ocrx_word' id='word_1_274' title='bbox 913 3303 1087 3387; x_wconf 87' lang='lat' dir='ltr'><strong>Boeckhius</strong></span> <span class='ocrx_word' id='word_1_275' title='bbox 1110 3308 1237 3388; x_wconf 85' lang='lat' dir='ltr'><strong>scripsit</strong></span> <span class='ocrx_word' id='word_1_276' title='bbox 1257 3305 1333 3371; x_wconf 88' lang='lat' dir='ltr'><strong>Pind.</strong></span> 
     </span>
     <span class='ocr_line' id='line_1_32' title="bbox 240 3398 1332 3481; baseline -0.004 -11"><span class='ocrx_word' id='word_1_277' title='bbox 240 3406 327 3471; x_wconf 88' lang='lat' dir='ltr'><strong>Nem.</strong></span> <span class='ocrx_word' id='word_1_278' title='bbox 348 3403 409 3468; x_wconf 85' lang='lat' dir='ltr'><strong>Vll.</strong></span> <span class='ocrx_word' id='word_1_279' title='bbox 432 3400 480 3467; x_wconf 83' lang='lat' dir='ltr'><strong>ot.</strong></span> <span class='ocrx_word' id='word_1_280' title='bbox 507 3401 596 3464; x_wconf 87' lang='lat' dir='ltr'><strong>metri</strong></span> <span class='ocrx_word' id='word_1_281' title='bbox 625 3417 720 3464; x_wconf 87' lang='lat' dir='ltr'><strong>causa</strong></span> <span class='ocrx_word' id='word_1_282' title='bbox 748 3418 804 3481; x_wconf 87' lang='lat' dir='ltr'><strong>pro</strong></span> <span class='ocrx_word' id='word_1_283' title='bbox 831 3398 993 3478; x_wconf 78' lang='grc' dir='ltr'><strong><em>σκοτεινάς.</em></strong></span> <span class='ocrx_word' id='word_1_284' title='bbox 1035 3406 1224 3478; x_wconf 77' lang='lat' dir='ltr'><strong>Aneutrali</strong></span> <span class='ocrx_word' id='word_1_285' title='bbox 1251 3420 1332 3468; x_wconf 90' lang='lat' dir='ltr'><strong>unum</strong></span> 
     </span>
     <span class='ocr_line' id='line_1_33' title="bbox 240 3496 1332 3584; baseline -0.005 -14"><span class='ocrx_word' id='word_1_286' title='bbox 240 3496 377 3577; x_wconf 73' lang='grc' dir='ltr'><strong><em>ποθεινός</em></strong></span> <span class='ocrx_word' id='word_1_287' title='bbox 399 3499 550 3580; x_wconf 85' lang='lat' dir='ltr'><strong>Theophr.</strong></span> <span class='ocrx_word' id='word_1_288' title='bbox 571 3498 649 3563; x_wconf 91' lang='lat' dir='ltr'><strong>Hist.</strong></span> <span class='ocrx_word' id='word_1_289' title='bbox 670 3499 720 3563; x_wconf 94' lang='lat' dir='ltr'><strong>lll.</strong></span> <span class='ocrx_word' id='word_1_290' title='bbox 741 3500 772 3584; x_wconf 85' lang='lat'><strong>3,</strong></span> <span class='ocrx_word' id='word_1_291' title='bbox 793 3501 821 3566; x_wconf 84' lang='lat'><strong>2.</strong></span> <span class='ocrx_word' id='word_1_292' title='bbox 844 3501 1001 3568; x_wconf 86' lang='lat' dir='ltr'><strong>Onosand.</strong></span> <span class='ocrx_word' id='word_1_293' title='bbox 1024 3504 1118 3568; x_wconf 87' lang='lat' dir='ltr'><strong>Strat.</strong></span> <span class='ocrx_word' id='word_1_294' title='bbox 1142 3521 1168 3569; x_wconf 94' lang='lat' dir='ltr'><strong>c.</strong></span> <span class='ocrx_word' id='word_1_295' title='bbox 1186 3505 1287 3570; x_wconf 85' lang='lat' dir='ltr'><strong>XVlll.</strong></span> <span class='ocrx_word' id='word_1_296' title='bbox 1306 3508 1332 3568; x_wconf 92' lang='lat' dir='ltr'><strong>et</strong></span> 
     </span>
    </p>
   </div>
   <div class='ocr_carea' id='block_1_3' title="bbox 239 3674 518 3694">
    <p class='ocr_par' dir='ltr' id='par_1_3' title="bbox 239 3674 518 3694">
     <span class='ocr_line' id='line_1_34' title="bbox 239 3674 518 3694; baseline -0.004 0"><span class='ocrx_word' id='word_1_297' title='bbox 239 3674 518 3694; x_wconf 52' lang='grc' dir='ltr'>..ι-*-</span> 
     </span>
    </p>
   </div>
   <div class='ocr_carea' id='block_1_4' title="bbox 239 3758 1332 4172">
    <p class='ocr_par' dir='ltr' id='par_1_4' title="bbox 239 3758 1332 4172">
     <span class='ocr_line' id='line_1_35' title="bbox 307 3758 1331 3840; baseline -0.002 -22"><span class='ocrx_word' id='word_1_298' title='bbox 307 3770 336 3838; x_wconf 87' lang='grc'><strong>3)</strong></span> <span class='ocrx_word' id='word_1_299' title='bbox 356 3766 538 3839; x_wconf 75' lang='grc' dir='ltr'><strong><em>Ἀργεννοῦσα</em></strong></span> <span class='ocrx_word' id='word_1_300' title='bbox 557 3763 632 3834; x_wconf 85' lang='grc' dir='ltr'><strong><em>παρὰ</em></strong></span> <span class='ocrx_word' id='word_1_301' title='bbox 651 3762 682 3818; x_wconf 81' lang='grc' dir='ltr'><strong>τὸ</strong></span> <span class='ocrx_word' id='word_1_302' title='bbox 698 3764 852 3836; x_wconf 75' lang='grc' dir='ltr'><strong><em>Ἆργεννόν,</em></strong></span> <span class='ocrx_word' id='word_1_303' title='bbox 879 3766 929 3837; x_wconf 75' lang='grc' dir='ltr'><strong>ἀφ’</strong></span> <span class='ocrx_word' id='word_1_304' title='bbox 956 3758 988 3820; x_wconf 72' lang='grc' dir='ltr'><strong>οὗ</strong></span> <span class='ocrx_word' id='word_1_305' title='bbox 1007 3767 1175 3840; x_wconf 79' lang='grc' dir='ltr'><strong><em>Ἀργεννόεις</em></strong></span> <span class='ocrx_word' id='word_1_306' title='bbox 1200 3771 1247 3823; x_wconf 69' lang='grc' dir='ltr'><strong>καὶ</strong></span> <span class='ocrx_word' id='word_1_307' title='bbox 1271 3764 1331 3822; x_wconf 78' lang='grc' dir='ltr'><strong><em>κατὰ</em></strong></span> 
     </span>
     <span class='ocr_line' id='line_1_36' title="bbox 239 3843 1332 3924; baseline -0.002 -16"><span class='ocrx_word' id='word_1_308' title='bbox 239 3857 396 3924; x_wconf 70' lang='lat' dir='ltr'><strong>moratorum</strong></span> <span class='ocrx_word' id='word_1_309' title='bbox 409 3847 576 3920; x_wconf 74' lang='grc' dir='ltr'><strong><em>Ἀργεννιῦς.</em></strong></span> <span class='ocrx_word' id='word_1_310' title='bbox 611 3848 773 3918; x_wconf 73' lang='grc' dir='ltr'><strong><em>Ἀνδροτίων</em></strong></span> <span class='ocrx_word' id='word_1_311' title='bbox 789 3849 837 3902; x_wconf 79' lang='grc' dir='ltr'><strong>διὰ</strong></span> <span class='ocrx_word' id='word_1_312' title='bbox 856 3843 905 3904; x_wconf 74' lang='grc' dir='ltr'><strong>τοῦ</strong></span> <span class='ocrx_word' id='word_1_313' title='bbox 921 3860 946 3904; x_wconf 83' lang='grc' dir='ltr'><strong>ι’.</strong></span> <span class='ocrx_word' id='word_1_314' title='bbox 964 3852 1054 3922; x_wconf 79' lang='lat' dir='ltr'><strong>Steph.</strong></span> <span class='ocrx_word' id='word_1_315' title='bbox 1089 3854 1158 3908; x_wconf 87' lang='lat' dir='ltr'><strong>lllud</strong></span> <span class='ocrx_word' id='word_1_316' title='bbox 1177 3851 1332 3924; x_wconf 74' lang='lat' dir='ltr'><strong>’Apycvvdaet</strong></span> 
     </span>
     <span class='ocr_line' id='line_1_37' title="bbox 239 3924 1331 4006; baseline -0.004 -14"><span class='ocrx_word' id='word_1_317' title='bbox 239 3937 304 3992; x_wconf 84' lang='lat' dir='ltr'><strong>nihil</strong></span> <span class='ocrx_word' id='word_1_318' title='bbox 324 3933 394 3990; x_wconf 90' lang='lat' dir='ltr'><strong>aliud</strong></span> <span class='ocrx_word' id='word_1_319' title='bbox 414 3938 455 3991; x_wconf 87' lang='lat' dir='ltr'><strong>est</strong></span> <span class='ocrx_word' id='word_1_320' title='bbox 479 3946 556 4001; x_wconf 89' lang='lat' dir='ltr'><strong>quam</strong></span> <span class='ocrx_word' id='word_1_321' title='bbox 580 3924 732 4001; x_wconf 75' lang='grc' dir='ltr'><strong><em>ἂργινόεις,</em></strong></span> <span class='ocrx_word' id='word_1_322' title='bbox 754 3934 825 3990; x_wconf 86' lang='lat' dir='ltr'><strong>unde</strong></span> <span class='ocrx_word' id='word_1_323' title='bbox 845 3935 1024 4006; x_wconf 76' lang='grc' dir='ltr'><strong><em>Ἀργινοϋπσα</em></strong></span> <span class='ocrx_word' id='word_1_324' title='bbox 1046 3935 1229 4004; x_wconf 85' lang='lat' dir='ltr'><strong>pmlioiscitur.</strong></span> <span class='ocrx_word' id='word_1_325' title='bbox 1267 3937 1331 3992; x_wconf 83' lang='lat' dir='ltr'><strong>Patet</strong></span> 
     </span>
     <span class='ocr_line' id='line_1_38' title="bbox 240 4015 1330 4089; baseline -0.002 -15"><span class='ocrx_word' id='word_1_326' title='bbox 240 4023 319 4088; x_wconf 74' lang='lat' dir='ltr'><strong>igitur</strong></span> <span class='ocrx_word' id='word_1_327' title='bbox 336 4017 452 4072; x_wconf 86' lang='lat' dir='ltr'><strong>nonnihil</strong></span> <span class='ocrx_word' id='word_1_328' title='bbox 469 4015 598 4071; x_wconf 83' lang='lat' dir='ltr'><strong>turbatum</strong></span> <span class='ocrx_word' id='word_1_329' title='bbox 617 4029 687 4071; x_wconf 86' lang='lat' dir='ltr'><strong>esso.</strong></span> <span class='ocrx_word' id='word_1_330' title='bbox 726 4016 853 4085; x_wconf 79' lang='grc' dir='ltr'><strong><em>Ἀργῖνον</em></strong></span> <span class='ocrx_word' id='word_1_331' title='bbox 875 4021 920 4087; x_wconf 83' lang='lat' dir='ltr'><strong>qui</strong></span> <span class='ocrx_word' id='word_1_332' title='bbox 943 4021 1119 4089; x_wconf 79' lang='lat' dir='ltr'><strong>scripserunt,</strong></span> <span class='ocrx_word' id='word_1_333' title='bbox 1142 4023 1213 4077; x_wconf 87' lang='lat' dir='ltr'><strong>aliud</strong></span> <span class='ocrx_word' id='word_1_334' title='bbox 1238 4027 1330 4089; x_wconf 78' lang='lat' dir='ltr'><strong>etymon</strong></span> 
     </span>
     <span class='ocr_line' id='line_1_39' title="bbox 239 4097 1126 4172; baseline 0 -16"><span class='ocrx_word' id='word_1_335' title='bbox 239 4104 346 4171; x_wconf 82' lang='lat' dir='ltr'><strong>sequuti</strong></span> <span class='ocrx_word' id='word_1_336' title='bbox 363 4101 498 4166; x_wconf 84' lang='lat' dir='ltr'><strong>videntur,</strong></span> <span class='ocrx_word' id='word_1_337' title='bbox 512 4098 683 4168; x_wconf 75' lang='grc' dir='ltr'><strong><em>Ἀργοναῦται</em></strong></span> <span class='ocrx_word' id='word_1_338' title='bbox 701 4097 755 4152; x_wconf 79' lang='grc' dir='ltr'><strong>ἀπὸ</strong></span> <span class='ocrx_word' id='word_1_339' title='bbox 770 4099 893 4172; x_wconf 74' lang='grc' dir='ltr'><strong><em>Ἀργίνον</em></strong></span> <span class='ocrx_word' id='word_1_340' title='bbox 910 4100 983 4161; x_wconf 81' lang='grc' dir='ltr'><strong><em>τινός</em></strong></span> <span class='ocrx_word' id='word_1_341' title='bbox 1002 4101 1126 4172; x_wconf 79' lang='lat' dir='ltr'><strong>Halpocr.</strong></span> 
     </span>
    </p>
   </div>
   <div class='ocr_carea' id='block_1_5' title="bbox 0 0 1380 4994">
    <p class='ocr_par' dir='ltr' id='par_1_5' title="bbox 0 0 1380 4994">
     <span class='ocr_line' id='line_1_40' title="bbox 0 0 1380 4994; baseline 0 0"><span class='ocrx_word' id='word_1_342' title='bbox 0 0 1380 4994; x_wconf 95' lang='lat' dir='ltr'><strong> </strong></span> 
     </span>
    </p>
   </div>
  </div>
 </body>
</html>
