2750 4994
158 289 215 354 DII
237 289 456 356 NOMINIBUS
477 287 519 354 IN
539 293 560 352 ῐι
578 287 837 357 uxuburmtts.
868 289 900 358 C.
916 291 964 359 IV.
980 299 1009 369 ς.
1025 291 1054 358 3.
1092 289 1163 360 cc?

51 450 326 538 προπαροξύνεται
351 451 493 538 δρύινος,
515 455 645 534 λίθινος,
666 450 689 539 ἢ
708 449 848 534 ὀξύνεται
868 451 998 542 ἔαρινός,
1019 453 1158 532 πύτιινος.

50 548 110 616 Διὸ
132 551 317 619 ἐπιστατέον
336 558 380 642 τῷ
400 556 555 638 καρκίνος,
578 559 666 636 ναίον
685 556 818 637 vestigia
834 557 1162 638 legithoeroboscus
1219 617 1228 638 ,

49 654 81 718 II.
97 673 128 735 p.
155 655 228 721 188.
254 655 320 720 197.
341 656 410 720 228.
432 655 502 720 236.
524 650 563 718 cci
585 641 779 735 sufficet
789 657 861 736 μιᾶς
876 650 933 720 τὸν
944 651 1040 720 τόνον
1050 651 1160 738 ἔχοντα

46 755 324 834 προπιριοπώντοιι
343 789 385 800 —
405 753 497 836 χωρὶς
517 755 575 817 τοῦ
596 755 749 832 καρκίνος.
792 756 838 818 Ex
860 772 899 818 eu
922 755 1081 838 coniicitur
1094 755 1159 820 Ar-

46 852 172 916 cadium
193 854 275 917 hunc
298 855 362 917 iere
382 855 414 916 iu
435 854 558 918 modum
579 857 762 936 scripsisse:
791 854 988 935 σεσημείωται
1016 847 1052 916 τὸ
1078 873 1158 936 ecp-

43 950 142 1025 κίνος·
166 947 263 1034 ἐχρῆν
291 947 350 1034 γὰρ
378 955 655 1034 προπεριοπᾶοθαι.
700 949 763 1016 Καὶ
793 946 829 1015 τὸ
855 959 981 1033 νυρῖνος
1008 971 1157 1036 προπιρι-

44 1052 174 1114 σπᾶται.
187 1049 215 1092 ¹³
262 1052 297 1116 Iu
324 1053 453 1133 piscium
481 1054 656 1117 nominibus
683 1052 800 1115 librarii
830 1051 966 1131 regulam
993 1059 1157 1144 servarunt

44 1166 108 1213 uou
131 1167 271 1233 semper,
293 1150 348 1214 scd
370 1151 562 1232 plerumque:
585 1145 734 1232 ἆθερῖνοι,
756 1141 893 1230 ἐίενῑνοι,
915 1155 1056 1232 σαργῖνοι
1076 1167 1156 1216 ccu-

41 1253 156 1327 juncta
190 1255 262 1314 sunt
290 1251 322 1311 in
342 1251 471 1314 Aristot.
492 1252 528 1316 H.
548 1253 626 1315 Anu.
648 1250 697 1315 IX.
717 1250 746 1315 2.
766 1250 834 1313 siue
862 1250 924 1313 ulla
946 1254 992 1313 tot
1014 1249 1155 1316 codicum

45 1346 225 1430 discordia,
254 1354 284 1410 et
311 1349 342 1412 in
369 1349 478 1413 iIsdem
511 1349 738 1414 commentariis
760 1351 925 1426 κορακῖνος
945 1356 975 1412 et
995 1353 1153 1434 κυπρῖνος.

45 1445 108 1508 Sed
131 1448 167 1509 iu
188 1447 222 1510 L.
243 1446 318 1526 titi.
342 1447 388 1512 19.
410 1464 439 1529 p.
459 1448 529 1531 602,
553 1447 579 1513 1.
602 1448 762 1513 Bekirerus
782 1442 913 1528 μύρινος
942 1449 1068 1514 retinuit
1093 1451 1154 1514 etsi

46 1550 93 1605 set
115 1544 197 1608 boni
217 1545 288 1608 libri
307 1549 437 1625 μνρῖνος
450 1546 616 1627 praebent;
637 1541 803 1629 ἐρύθρινος
816 1543 903 1610 codd.
917 1547 987 1611 Ati.
1005 1548 1152 1615 111300.

44 1641 73 1704 F.
95 1643 182 1707 Med.
205 1644 306 1724 Mosq.
327 1660 356 1725 p.
381 1644 427 1709 10.
450 1652 481 1708 ct
501 1646 674 1708 accentuiu
697 1645 832 1710 ultimam
846 1651 966 1709 remoto
986 1640 1152 1728 ίρυίνρινός

46 1742 141 1806 Arist.
172 1740 192 1806 t
221 1757 246 1805 c.
267 1741 315 1806 IV.
338 1742 385 1806 11.
408 1760 436 1824 p.
460 1743 538 1825 538,
559 1744 608 1808 20.
629 1744 704 1808 VIII.
728 1742 775 1808 13.
795 1761 826 1823 p.
847 1742 925 1826 598,
947 1744 995 1808 13.
1025 1743 1153 1827 μύξινος

48 1844 77 1901 et
97 1833 232 1921 μυξινός
252 1841 322 1905 ath.
344 1841 406 1906 IIII.
427 1839 497 1906 306.
518 1842 553 1906 Ε.
576 1842 651 1905 VIII.
675 1841 745 1906 356.
765 1842 798 1906 B.
826 1837 976 1923 κύπρινος
996 1845 1058 1912 iii.
1080 1846 1151 1912 309.

48 1939 81 2001 t.
101 1935 275 2021 κορᾶκινος
295 1939 373 2004 Med.
393 1940 493 2022 Mosq.
515 1957 544 2020 p.
566 1939 594 2005 9.
616 1936 744 2022 φόξινος
769 1939 857 2004 Pbot.
878 1941 943 2006 ΕΜ.
966 1948 996 2005 et
1026 1944 1153 2010 inbri-

49 2038 175 2101 stotelis
196 2038 286 2120 Ioco,
308 2055 396 2119 quem
428 2037 459 2101 bi
486 2045 639 2122 spectant,
660 2040 693 2103 L.
716 2038 764 2102 vl.
789 2038 837 2102 13.
861 2045 892 2102 et
914 2038 961 2104 14.
981 2041 1014 2104 io
1035 2043 1152 2125 aliquot

50 2135 138 2201 codd.
161 2134 286 2218 φοξινοί
314 2139 471 2218 scriptum.
513 2137 547 2201 In
567 2138 677 2202 Athen.
700 2138 760 2201 vil.
783 2135 853 2224 322.
875 2137 909 2202 Ε.
930 2133 986 2202 τὸν
1006 2136 1153 2208 οκιπινόν

50 2235 186 2319 Δωρίων
207 2233 285 2318 φησὶ
305 2239 466 2300 καλεῖσθαι
488 2229 651 2318 ἀτταγινόν
672 2236 740 2300 eod.
764 2237 834 2302 Cas.
858 2238 986 2318 primum
1007 2241 1153 2306 σκεπίνον

51 2338 111 2398 tum
140 2329 321 2415 sinopidem,
351 2334 407 2399 sed
433 2336 497 2401 Pal.
526 2342 557 2399 ct
575 2336 643 2402 Ati.
670 2329 848 2420 ἀτταγεινόν
873 2342 907 2400 ui
932 2334 1071 2418 μάζιονος
1090 2340 1151 2408 vti.

51 2430 119 2497 315.
140 2435 172 2498 F.
195 2450 252 2514 pro
276 2452 336 2516 quo
360 2433 447 2499 codd.
470 2434 540 2499 Cas.
564 2432 691 2515 μυξῖνος
712 2443 743 2498 et
773 2433 901 2517 μύξινος
928 2442 958 2500 et
979 2437 1054 2504 viii.
1081 2439 1151 2506 332.

50 2528 82 2594 B.
107 2531 278 2614 μαξείνοῖς,
312 2533 344 2596 iu
370 2533 575 2616 Theophrasti
610 2538 712 2597 autem
737 2535 855 2616 Fragm.
883 2535 922 2600 dc
948 2535 1028 2602 Piso.
1057 2537 1092 2601 ΙΙ.
1121 2537 1150 2604 2.

51 2630 128 2696 unde
159 2632 238 2695 haec
266 2639 367 2696 sumta
389 2639 477 2716 sunt,
508 2632 654 2712 μαζίνοιις.
697 2628 835 2716 Λοὶρινος
852 2632 1005 2714 adjectivo
1026 2633 1151 2719 λοιρινός

52 2731 238 2795 contrarium
267 2737 426 2795 accentum
454 2731 548 2796 babet
576 2737 629 2796 aut
655 2748 731 2796 casu
760 2738 813 2795 aut
846 2733 885 2796 ob
922 2733 1149 2802 antidiastoIeu.

52 2823 212 2894 Postremo
243 2830 275 2892 iu
295 2830 435 2896 Numenii
456 2847 550 2894 uersu
569 2847 602 2911 p.
623 2830 692 2896 304.
713 2830 747 2894 E.
771 2835 802 2894 et
822 2830 892 2896 321.
912 2831 944 2897 Ii.
965 2833 1014 2898 bis
1044 2834 1149 2900 verbis

52 2922 132 2994 inito
154 2923 210 2991 ccci
228 2923 373 3011 ἐννυχίην
392 2929 531 3007 πίτυνον,
554 2930 649 3011 piscis
671 2929 769 3009 ignoti
789 2945 901 2994 nomen
920 2931 1063 3010 πίτννος,
1095 2934 1149 2998 πί·-

51 3043 130 3100 τινος
156 3033 188 3090 et
217 3021 347 3102 cadurcos
377 3028 537 3112 scribitur,
566 3027 877 3110 Schweigbaueserus
904 3047 979 3094 vero
1007 3026 1151 3116 ἐνανχίην

52 3120 192 3188 πιτύινον
214 3127 350 3210 corrigit,
370 3124 444 3190 iilud
464 3127 690 3191 substantivum
712 3144 786 3192 esse
807 3133 938 3212 putans,
959 3129 1020 3194 boc
1041 3130 1150 3212 adjec-

52 3220 139 3288 tivum
162 3227 262 3305 pinos
290 3227 399 3290 colore
426 3225 554 3305 simt'b's,
585 3224 642 3289 sed
670 3225 813 3306 adjectivi
839 3227 1007 3308 penultima
1034 3227 1148 3313 brevis,

51 3322 137 3398 pinus
167 3325 257 3388 color
284 3324 430 3406 proprius
452 3324 554 3390 nullus
577 3332 633 3390 est.
644 3325 671 3366 ¹⁴
710 3325 872 3390 Hominum
900 3327 1048 3391 attributa
1076 3337 1149 3394 sum

51 3413 237 3504 dyocesibus
257 3422 378 3489 tabulae
392 3423 605 3505 Epicharmiae
617 3425 808 3510 inscriptum,
828 3421 1005 3509 ἐρραστῖνος
1018 3432 1048 3490 et
1061 3421 1148 3508 ἐργα-

52 3589 341 3610 ᾖ*

114 3705 158 3773 13)
175 3703 254 3758 Plura
271 3704 362 3772 elapsa
382 3717 442 3760 esse
459 3706 532 3772 putat
550 3702 724 3772 Goettiiugius
743 3703 778 3762 dc
790 3704 855 3760 Ace.
873 3721 899 3774 p.
913 3707 971 3768 202.
987 3705 1076 3764 Facile
1090 3715 1147 3764 erat

53 3797 94 3849 pro
109 3793 241 3860 καρκίνος
258 3786 417 3842 substituere
437 3785 508 3840 atiud
525 3788 775 3856 properispemeuon
793 3793 907 3858 ραρίνος
921 3789 965 3846 uel
977 3795 1090 3860 γαρινος
1103 3792 1145 3846 vei

53 3875 182 3940 καρκίνος.
219 3869 274 3926 Sed
291 3869 398 3926 verbum
415 3868 500 3940 ἐχρῆν
519 3870 633 3926 ostendii
650 3870 781 3928 excidisse
799 3873 933 3941 semiosin‚
950 3875 1008 3929 siue
1029 3888 1081 3942 qua
1097 3889 1144 3931 re-

55 3954 324 4107 gulatetbmbiloibbkius
343 4038 376 4092 ad
389 4036 461 4092 Com.
480 4034 522 4092 Iir.
541 4038 575 4094 ii.
593 4039 621 4095 Ρ.
638 4037 659 4096 I.
669 4039 725 4098 125.
744 4037 845 4107 piscem
863 4038 935 4094 iilum
952 4036 1064 4092 πύτινον
1083 4040 1143 4096 dte-

54 4121 100 4174 tum
115 4126 186 4190 putat
203 4136 219 4177 a
236 4121 407 4178 similiiuditie
423 4125 539 4186 nocivos.
