2788 4986
242 277 295 342 uu
318 276 407 342 mur.
431 277 589 344 rurum.
613 277 763 346 causis.
799 279 830 344 e.
846 282 878 346 u.
902 289 930 356 s.
948 283 973 347 t.
1007 359 1015 376 ⁶
1125 283 1167 350 ro

68 445 210 526 leguntur:
239 441 358 526 βαύνη,
376 436 482 524 ἐβὲνη,
505 437 607 525 urdvq,
630 441 756 524 emeca,
778 443 877 526 opto,
894 443 1020 526 adhunc,
1042 448 1165 531 pitens,

68 539 186 624 adpetes,
223 542 347 622 aliaque
373 540 469 605 multa
496 540 586 606 devia
616 547 646 605 et
674 543 878 624 infrequentia
904 563 984 626 quae
1011 548 1166 612 noscimus

67 642 172 704 idemne
187 641 366 720 significent
380 639 469 704 alteri
483 642 632 722 positioni
653 657 693 706 au
712 640 851 707 differant
870 642 985 725 aliquid
1004 645 1054 709 vel
1069 647 1167 711 torma

66 741 107 806 uel
125 741 250 806 materia
275 739 326 803 vel
350 757 417 805 usu.

136 855 246 917 Verum
268 873 310 918 ne
332 856 401 936 quis
423 855 550 920 miretur
572 871 626 920 cnr
647 871 705 936 ogo
728 853 765 920 de
785 854 892 936 regula
914 872 1003 940 vare,
1030 862 1063 919 ut
1082 872 1164 922 nuuc

64 959 113 1036 est,
133 959 161 1017 et
183 952 289 1018 laliaci
318 961 379 1017 tam
400 953 496 1017 multa
517 953 612 1018 verba
634 954 775 1036 fecerim,
811 953 951 1034 equidem
973 955 1032 1020 sub
1055 957 1161 1036 speeie

63 1053 169 1116 alienae
190 1052 385 1118 detensionis
405 1068 503 1117 meam
529 1053 578 1130 em·
600 1067 734 1116 oausam.
786 1053 864 1117 Nom
889 1071 980 1134 quum
1005 1056 1161 1120 nominum

63 1151 221 1216 bilormium
253 1152 375 1217 turbam
402 1153 435 1214 in
462 1151 522 1215 duo
545 1150 782 1231 descripsissem
802 1167 932 1236 genera,
963 1171 1056 1220 uuum
1078 1153 1161 1235 quod

62 1249 237 1314 intellectum
262 1253 373 1332 vemat,
393 1251 522 1314 alterum
544 1249 627 1330 quod
649 1251 893 1316 terminationem
916 1252 1026 1336 solum,
1048 1269 1161 1334 quum-

63 1365 112 1428 que
137 1349 230 1412 multn
258 1356 368 1413 essent
399 1347 558 1428 utriusque
591 1349 736 1413 iectionis
765 1349 922 1433 ambigua,
958 1351 1067 1414 sollius
1094 1351 1161 1414 iore
1233 1379 1236 1388 ·

61 1445 220 1512 arbitrabar
243 1450 282 1531 si,
311 1444 457 1529 quidquid
479 1452 714 1510 controversum
735 1445 899 1532 uideretur,
927 1449 1043 1512 ueteris
1062 1448 1161 1514 disci-

62 1545 151 1624 pliuae
172 1545 309 1611 decretis
332 1546 528 1609 subtexerem
545 1547 635 1626 quasi
649 1545 783 1629 limbum,
806 1554 838 1608 ut
852 1563 913 1610 uun
927 1565 1023 1628 opera
1038 1553 1068 1612 et
1081 1547 1159 1612 baec

62 1646 197 1722 cognosci
219 1651 357 1726 possent
378 1651 408 1707 et
429 1644 551 1708 illorum
573 1646 762 1708 enumeratio
787 1645 879 1710 taedii
901 1646 1029 1710 baberet
1049 1649 1159 1712 miuus.

63 1741 114 1805 Sed
129 1747 190 1822 jum
213 1745 337 1825 egressi
359 1743 438 1808 bauo
460 1744 677 1824 confragosam
704 1745 784 1808 viam
814 1744 853 1808 ad
881 1745 999 1826 reliqua
1020 1744 1160 1811 declina-

62 1840 142 1905 tionis
162 1843 359 1908 voluntariae
379 1859 495 1924 genera
516 1857 645 1923 promum
668 1842 848 1908 habebimus
869 1860 1000 1908 cursum.

515 2055 622 2120 CAP.
652 2054 691 2118 ll.

454 2182 517 2249 De
553 2183 755 2248 motione.
1184 2237 1197 2268 ,

132 2333 161 2401 §-
182 2327 209 2393 l.
252 2330 402 2394 Motiouis
432 2327 494 2394 dixi
522 2327 598 2392 duas
621 2345 694 2394 esse
715 2327 856 2409 species,
888 2341 978 2392 unam
1001 2344 1080 2410 quoe
1102 2327 1160 2394 de-

63 2422 193 2490 minution
215 2428 443 2512 complectitur,
472 2427 599 2492 alteram
623 2427 795 2509 sunuelem,
818 2423 855 2490 de
877 2441 937 2506 qua
959 2425 1088 2505 primum
1110 2425 1160 2492 di·-

64 2535 123 2586 cere
149 2529 307 2592 constitui.
363 2527 448 2592 llaec
477 2534 578 2590 autem
607 2528 765 2608 proprium
794 2523 979 2588 domicilium
1007 2524 1100 2590 babet
1127 2525 1159 2588 in

63 2621 244 2690 animantium
267 2627 387 2689 naturis
416 2643 496 2707 quae
524 2643 602 2690 sexu
630 2625 886 2690 discriminantur.
934 2623 1041 2705 anue
1070 2623 1159 2688 diffe-

64 2721 148 2786 rentia
168 2723 283 2806 duplici
306 2726 445 2804 signatur
466 2726 596 2790 ratione.
637 2725 736 2789 Prisci
765 2725 844 2788 euim
871 2724 1026 2791 nominum
1053 2724 1158 2803 impo-

63 2817 162 2886 sitores
190 2840 377 2906 quocunque
405 2825 526 2888 numine
557 2824 633 2888 moti
660 2823 754 2888 rebus
781 2831 910 2886 moturae
932 2820 1054 2886 viuculo
1078 2837 1158 2884 oon-

63 2919 137 2982 ocuis
163 2937 383 3002 nonuunquam
416 2923 540 2987 momina
567 2921 706 2987 indidere
733 2921 865 2986 dirersis
893 2920 1049 2986 radicibus
1078 2926 1156 3002 orta,

63 3027 110 3078 uec
135 3035 202 3084 roro
226 3037 404 3101 conponere
426 3026 457 3085 et
485 3022 524 3086 ab
554 3020 659 3086 eadem
682 3022 780 3101 stirpe
802 3028 982 3101 propagata.
1031 3016 1155 3082 lllorum

65 3118 188 3198 exemplo
207 3135 402 3202 peromnem
426 3136 599 3185 sermonem
621 3119 682 3185 late
697 3119 840 3200 dispersa
857 3125 928 3182 sunt
941 3113 1041 3202 κρήνη
1061 3110 1154 3210 πηγή,

63 3207 136 3296 θύρα
155 3213 244 3304 πύλη,
267 3219 350 3294 λεπίς
371 3219 459 3303 potio
481 3219 561 3284 etc.1
604 3219 665 3284 Sed
693 3238 772 3300 quae
794 3219 833 3286 ad
852 3219 933 3286 bunc
954 3218 1057 3282 looum
1079 3232 1155 3296 por·

67 3309 167 3381 timeant
188 3318 356 3385 declarabo
380 3317 547 3384 Theodosii
569 3319 672 3394 verbis
690 3319 818 3384 Grnmm.
841 3337 869 3400 p.
894 3317 961 3384 132.
990 3314 1021 3380 ol
1042 3309 1155 3396 ὀνομα-

64 3406 172 3478 rodmar
198 3413 386 3493 ἀκολούθως
405 3422 471 3493 τοῖς
490 3412 649 3500 πράγμασι
668 3411 704 3482 τὸ
725 3413 782 3500 μὲν
801 3412 964 3502 ἀρσενικὸν
984 3411 1037 3480 καὶ
1058 3415 1155 3496 &ql-v·

66 3581 338 3605 *²*—

122 3691 146 3760 1]
169 3699 252 3757 spolie
269 3697 313 3750 ent
332 3699 436 3768 ὄφεως,
455 3698 529 3756 λεπίς
543 3695 587 3750 ἐπὶ
601 3698 700 3768 ἰχθύος
716 3699 788 3754 Eusl.
805 3699 838 3754 ad
852 3698 928 3753 Dion,
943 3698 1002 3754 tlt.
1023 3694 1071 3752 sed
1086 3708 1153 3748 con-

68 3767 136 3830 fundit
157 3777 295 3839 Neruesius
320 3781 353 3838 de
379 3781 410 3838 N.
431 3781 462 3836 Η.
483 3784 504 3838 l.
524 3783 566 3840 50.
592 3782 703 3852 pondes
727 3788 784 3842 τοῖς
802 3783 884 3852 ὄφεσι
907 3782 954 3834 καὶ
974 3786 1030 3838 τοῖς
1047 3776 1152 3847 ἰχθύσι,

69 3859 90 3906 tt
106 3855 226 3924 Nicander
250 3865 326 3922 Ther.
348 3866 404 3924 154.
431 3866 475 3920 ubi
500 3865 589 3923 Sobol.
615 3883 661 3936 pro
686 3866 760 3926 λεπίς
782 3868 808 3920 iu
830 3865 960 3920 nonnullis
979 3865 1052 3920 libris
1074 3862 1154 3930 toute

69 3939 132 3994 scribi
150 3947 251 4006 adnotat
268 3949 296 4004 id
314 3955 355 4006 est
373 3949 458 4018 pulte.
495 3949 644 4006 Membrana
662 3952 784 4018 anguium
799 3949 904 4020 decepte
922 3950 1016 4004 dicitur
1027 3952 1054 4002 et
1066 3945 1154 4012 λεβίαι

69 4017 94 4070 ib
112 4023 211 4091 lumidus
234 4034 335 4102 ἔχοντα
364 4035 461 4102 ταρίχη
488 4034 551 4090 Hes.
577 4033 663 4102 Λοβός
687 4035 762 4086 πᾶσα
784 4032 859 4092 λεπὶς
881 4023 911 4098 ἧς
935 4031 1016 4086 ἔνδον
1041 4028 1097 4084 ἐστι
1122 4028 1152 4084 co

71 4107 158 4174 meppie
174 4113 259 4172 schot.
279 4115 355 4172 Ther.
374 4115 432 4174 535.
449 4131 518 4186 quae
537 4118 631 4175 eadem
648 4118 753 4190 λεβηρίς
771 4117 866 4172 dicitur
883 4121 910 4173 et
926 4112 1021 4172 tonte,
1039 4112 1111 4168 iiber.

892 4198 941 4264 2*
