2768 4994
2 461 158 524 clarum
180 465 227 520 est
247 471 312 520 non
325 471 392 518 cum
407 453 531 536 γαστρλς
543 456 683 534 junctum
706 475 778 524 esse
798 463 832 522 ut
840 454 1034 542 φιλανναας,
1042 455 1111 502 ⁴⁷
1092 484 1146 528 αα

2 554 186 639 δρόσινις,
206 550 391 636 λοξότροχις,
420 553 477 618 sed
498 570 516 616 a
537 549 740 638 ζωνογᾶστωρ
760 556 810 620 vol
831 552 1041 643 ζωνόγασνρος
1061 559 1147 626 deri·

2 666 152 721 vatum.
188 656 331 719 'Acocntu
346 654 446 716 minus
463 656 551 732 justo
574 655 720 735 scriptum
742 663 790 720 esi
808 655 899 720 tntb.
920 657 969 722 Xl.
993 659 1060 724 tto.
1081 663 1147 736 τοῖς

2 749 75 820 ἀπ’
105 748 309 836 Ἀριστάρχου
328 751 645 834 γραμματολικριφίσι,
676 753 776 816 iicluttt
799 754 934 818 tortasse
953 756 991 820 ati
1012 758 1146 823 irriden-

2 858 92 920 das'
122 851 396 918 Grammaticorum
426 851 586 930 captiones
616 857 646 914 et
674 850 986 935 παρααλαγιαομούς,
1015 873 1146 938 quorum

2 952 181 1018 nonnulli
199 952 333 1033 λλνριφις
354 949 537 1030 adjectivum
558 965 630 1011 esse
652 957 832 1034 statuerunt,
852 951 904 1016 ulii
924 969 992 1018 cum
1004 955 1145 1020 Aristar·

2 1056 92 1119 clio
117 1051 256 1133 λικριφὶς
276 1049 460 1113 adverbium.
508 1042 694 1128 Δυςδήλιδες
713 1052 881 1126 κακοῦνιες
901 1051 974 1118 iles.
995 1053 1144 1118 substan*

2 1155 86 1216 tivi
111 1151 253 1231 speciem
272 1148 366 1212 babet
387 1163 405 1209 a
426 1140 577 1228 declivitas
590 1146 734 1228 derivati;
756 1149 891 1214 seminini
912 1152 1046 1218 similius
1063 1156 1145 1218 toret
1249 1224 1253 1229 ,

3 1256 259 1333 paroxytonon
280 1257 312 1311 ut
334 1263 352 1310 a
374 1240 722 1326 {concibiabulum
741 1265 771 1326 v.
792 1255 822 1322 §-
842 1247 871 1314 8.
891 1249 970 1315 tdn.
991 1251 1039 1316 32.
1061 1251 1146 1333 quod

5 1364 204 1431 perperam
233 1341 388 1423 ζώδαλαιις
415 1344 577 1423 scribitur3
617 1360 677 1408 nec
703 1353 789 1410 reete
814 1344 965 1428 βαύκαλις
990 1351 1022 1414 in
1051 1351 1143 1418 Thes.

8 1465 109 1512 narn
138 1463 195 1527 pro
226 1439 418 1526 αεθλοούνης
442 1439 622 1526 demetiens
645 1443 737 1509 luth.
764 1445 921 1514 Plautii.
949 1449 1145 1514 scribendum

12 1555 81 1611 est
113 1539 286 1628 βουκαλέος
314 1561 332 1606 a
358 1544 471 1605 nomin.
500 1537 667 1625 βουκαλής.
708 1545 743 1608 ln
763 1544 874 1609 Eubuli
894 1547 1012 1628 Fragm.
1036 1549 1069 1612 T.
1091 1550 1142 1614 lll.

12 1645 110 1710 270.
130 1641 184 1706 ubi
205 1642 334 1722 parasiti
354 1647 505 1706 vocantur
522 1635 692 1724 ἀλλοτρίων
711 1639 848 1708 κτεάνων
860 1644 1093 1728 παραδειπνίδες
1111 1647 1145 1713 iti

15 1751 84 1808 est
110 1736 325 1821 παράδειπνοι,
347 1741 517 1806 Meinckius
538 1739 772 1822 παραδειπνίδαι
792 1744 956 1810 substituit
977 1739 1143 1825 Δύςανλις,

16 1842 123 1926 quod
148 1841 322 1922 Stephanus
345 1858 369 1905 s.
390 1833 480 1923 Αὐλή
502 1841 540 1904 ab
562 1829 650 1913 αὖλις
671 1843 875 1922 compositum
898 1842 983 1926 dicit,
1011 1843 1145 1923 adjecti-

15 1959 109 2007 vum
139 1946 188 2003 est
216 1938 295 2002 baud
322 1937 412 2002 dubie
433 1956 496 2003 non
523 1939 748 2004 substantivum
771 1941 891 2005 mulum
911 1939 1145 2007 dubitationem

19 2040 218 2123 significans
246 2046 278 2101 ut
303 2037 528 2119 lexicographi
554 2039 654 2102 nostri
681 2037 835 2119 traduut3·
852 2039 913 2104 nisi
940 2041 1019 2104 terte
1045 2035 1145 2116 Αὐλλς

22 2147 75 2210 cb
102 2138 280 2222 Iphigeniae
300 2135 540 2199 immolationem
560 2139 604 2202 ita
620 2138 702 2203 dicta
722 2133 1001 2220 osculationem.
1028 2139 1144 2204 Heroi-

23 2245 96 2308 des
127 2239 251 2303 Atticae
278 2228 469 2316 Ἀγραυλίδις
502 2235 716 2301 denominatae
747 2245 821 2300 sunt
847 2237 886 2301 ab
912 2236 1048 2317 Agraria
1076 2239 1146 2304 sive

22 2343 196 2424 Aglaur03
229 2331 378 2414 ὕδραυλις
403 2329 582 2417 ὑδραύλεως
608 2336 794 2400 substantivi
821 2343 979 2400 accentum
1000 2329 1094 2402 babet
1114 2354 1143 2403 v.

23 2444 173 2508 Reimar.
194 2435 232 2500 ad
252 2435 342 2498 Ilion.
365 2435 453 2499 Cass.
468 2434 541 2498 Lttt.
558 2433 607 2499 26.
626 2434 788 2517 dupliciter
809 2434 978 2500 declinatur
996 2451 1144 2516 aqumum

25 2555 156 2605 nomen
176 2532 334 2618 ἔγγραολις
346 2529 534 2616 {paeones
548 2541 579 2597 et
593 2529 751 2618 ἐγγραυλλς
767 2531 973 2617 ἐνγραυλλδος,
993 2550 1052 2598 neo
1063 2550 1145 2598 con-

27 2646 105 2705 stat
127 2637 226 2716 origo.
267 2633 327 2698 Pro
349 2629 542 2716 οηαοδόκαδες
561 2633 667 2716 ψυχαί,
687 2628 788 2716 πτηνὰ
807 2635 869 2711 grie
889 2634 961 2698 lles.
982 2633 1144 2712 coingen-

28 2740 112 2804 dum
123 2734 244 2798 videtur
259 2732 459 2816 epimenides,
479 2748 548 2797 uam
571 2733 745 2814 papiliones
767 2750 875 2798 revera
888 2739 961 2796 sunt
973 2727 1145 2816 σητοιόκοι.

124 2873 155 2941 §.
179 2864 227 2930 tt.
255 2864 367 2929 Verum
388 2865 466 2928 baec
488 2872 634 2930 accentus
654 2865 862 2928 inconstantia
882 2880 962 2929 nuuc
984 2880 1046 2928 nou
1067 2861 1152 2928 tanti*

27 2967 132 3032 nobis
154 2969 203 3028 est
230 2965 374 3028 momenti
380 2965 515 3047 ,quanti
542 2964 697 3028 mobilitas
726 2963 887 3045 vocalium,
913 2966 1001 3042 cujus
1029 2980 1142 3028 causas

33 3063 237 3132 Grammatici
258 3061 349 3126 modo
379 3061 417 3126 ad
444 3062 567 3143 ellipsin
587 3079 620 3126 re
623 3064 723 3126 ierunt
751 3061 843 3124 mede
865 3013 904 3124 aid
924 3063 1145 3143 pleonasmum

34 3164 105 3231 Sed
127 3162 283 3226 nominum
303 3161 335 3225 in
356 3182 393 3234 ας
414 3169 443 3225 et
463 3182 513 3234 ιας
533 3163 707 3226 exeuntium
727 3178 797 3225 rara
819 3167 867 3226 est
888 3162 1079 3226 concertatio
1101 3159 1145 3224 δι·

33 3257 105 3341 ψάς
126 3253 240 3337 διψιας,
261 3281 335 3334 ενας
355 3252 448 3340 εὐλάς,
469 3255 584 3333 κακλας
604 3257 738 3339 κυκλιας,
762 3257 879 3344 replicis
898 3261 1036 3343 τυμβίας,
1057 3255 1146 3334 οδνας

33 3389 57 3446 η
41 3354 185 3433 ολνιάς
206 3358 358 3439 (aviculae
371 3360 497 3440 nomeu)
517 3358 594 3422 Poll.
608 3356 658 3423 Vl.
671 3358 750 3425 22.
741 3375 773 3423 m
790 3361 901 3442 quibus
917 3359 1046 3424 detineri
1059 3357 1144 3420 nolo.

35 3461 178 3541 Saepius
198 3474 272 3521 vero
294 3459 375 3521 inter
395 3473 431 3522 se
451 3457 571 3538 litigent
592 3479 619 3532 ις
641 3465 671 3522 ct
691 3480 748 3537 ιας,
770 3476 847 3539 quas
866 3457 1097 3522 terminationes
1118 3455 1147 3518 si

36 3556 202 3644 praecedit
221 3556 355 3634 vocalis,
378 3562 499 3620 cautum
521 3574 593 3622 esse
614 3564 744 3638 apparet
764 3574 804 3621 no
825 3557 966 3637 epallclia
988 3555 1145 3618 existeret

36 3661 126 3740 Ergo
153 3671 232 3740 quae
260 3654 351 3737 alpha
377 3655 427 3719 vel
454 3677 487 3719 αι
513 3657 544 3720 in
564 3656 732 3739 penultima
749 3656 873 3737 babent,
894 3653 1148 3719 delementum

41 3847 325 3862 ,Μ

112 3971 159 4040 47)
185 3970 351 4041 deceptam
375 3970 571 4042 eateytomdoe
595 3969 669 4024 Suid.
694 3975 722 4025 ot
744 3967 901 4040 λοξοιρδχις
918 3968 997 4023 Abiit.
1020 3968 1062 4024 iii.
1089 3968 1147 4025 185.

43 4140 152 4207 generis
173 4138 325 4192 coaluerunt
343 4137 532 4211 τερκότραμις,
551 4136 739 4207 χρυσόρραπις
757 4143 806 4192 etc.
