2750 4994
71 243 115 308 ou
133 241 447 308 uuruuourous
468 239 605 309 uouru.
631 240 673 306 ru
694 224 738 306 αῖ
754 241 842 308 uro.
866 242 899 308 u.
915 243 964 308 ur.
980 249 1011 320 ς.
1029 243 1058 310 2.
1097 245 1164 315 rar

66 411 181 484 οταλλος
196 407 336 491 Alciplrr.
359 407 409 472 lli.
430 406 487 489 Ep.
509 404 558 472 31.
580 405 701 487 (omiss.
722 407 756 470 iu
778 406 848 489 Th.)
864 403 983 489 'ltaque
1004 408 1043 474 de
1062 411 1167 477 rario-

66 509 139 572 n'bus
162 508 348 590 praesertim
371 511 405 569 ut
428 501 564 580 Βύκελος
593 512 623 570 et
646 502 809 584 Βύκελλος,
839 500 972 581 Βάσιλος
996 514 1027 572 cl
1049 507 1167 576 Βάσιλ-

65 608 117 684 λος,
137 600 300 688 Δερκύλος
320 603 405 684 quod
426 603 550 670 Gratius
579 611 681 668 luetur
709 607 826 684 cyneg.
855 603 999 671 ν.103.3
1024 611 1070 672 ct'
1083 605 1167 693 Δέρ-

65 708 174 787 κυλλος,
196 705 247 767 cui
269 702 360 766 adest
380 701 550 768 derivatum
563 701 780 784 Δερκυλλίδας,
802 704 854 766 rix
876 702 936 767 dici
958 705 1072 784 polerit
1094 707 1166 789 quid

66 806 166 884 cuique
187 803 261 866 loco
286 803 460 866 conveniat.
504 798 669 876 Βάθυλλος
690 801 772 882 apud
793 808 905 882 poetas
927 819 1023 883 saepe
1045 805 1166 894 legitur,

67 902 138 983 apud
160 901 337 982 scriptores
359 896 538 981 Βράχυλλος
566 908 597 965 et
619 899 828 981 Βραχυλλλδης
852 901 885 963 iu
905 917 1027 965 uumruo
1051 904 1167 971 Sestiui

65 1001 169 1065 Leller.
202 1000 346 1064 numism.
375 1000 408 1062 T.
431 1000 480 1065 lx.
504 1001 554 1065 44.
584 1016 734 1080 nusquam
763 994 924 1082 Βραχύλος
951 1005 981 1062 el
1009 999 1167 1087 Βαθύλος,

67 1103 147 1178 cujus
169 1099 327 1178 genitivus
358 1113 430 1162 osse
456 1099 577 1164 videtur
599 1095 753 1162 Βαθύλοο
773 1099 869 1162 lusor.
891 1114 919 1162 u.
943 1095 1032 1165 1278.
1054 1119 1073 1165 a
1093 1105 1168 1171 llei-

66 1197 100 1260 lio
120 1199 155 1260 irr
177 1196 354 1261 Onomatol.
382 1214 412 1277 p.
436 1196 485 1263 68.
510 1197 551 1262 ad
571 1193 722 1272 Βαθύλας
742 1197 868 1261 relatus.
910 1195 976 1260 Nee
997 1201 1075 1265 satis
1097 1210 1167 1270 sta-

66 1295 177 1358 liliuum
202 1289 367 1377 Θρασύλος
385 1296 534 1378 Porphyr.
560 1298 640 1376 lsag.
661 1298 693 1360 in
713 1296 815 1360 Harm.
838 1295 966 1360 Ptolem.
989 1314 1016 1362 ο.
1039 1299 1073 1363 V.
1095 1303 1166 1372 206,

67 1393 143 1474 quod
172 1393 407 1458 Schoemonrus
435 1395 475 1459 ad
495 1397 615 1460 Isaeum
637 1411 666 1476 p.
687 1394 757 1459 354.
788 1393 877 1458 codd.
907 1398 1092 1465 auctoritate
1114 1421 1169 1469 re-

65 1495 143 1572 jecit.
194 1492 236 1557 lt
263 1487 446 1574 -Κρέτνλλος
472 1511 535 1558 nou
562 1494 665 1557 iuveni
693 1493 754 1557 uisi
775 1491 872 1557 semel
892 1494 924 1557 iu
944 1495 1039 1561 lusor.
1062 1501 1167 1569 Noiul.

66 1608 90 1653 r.
111 1590 182 1658 165.
204 1590 233 1654 u.
255 1591 307 1656 45.
330 1598 361 1656 ολ
381 1593 414 1656 iu
433 1592 501 1657 cod.
524 1593 602 1656 Plat.
625 1592 707 1657 Crat.
723 1591 794 1656 427.
811 1591 847 1656 Il.
869 1591 922 1656 ubi
942 1597 1051 1660 merito
1074 1617 1168 1681 spre-

67 1698 122 1756 lum
145 1698 212 1776 est,
241 1690 298 1756 sed
320 1691 568 1772 frequentissime
593 1685 757 1770 Κρατύλος
778 1709 796 1754 a
816 1685 932 1770 κρατύς
951 1693 1000 1757 uel
1022 1695 1168 1782 Κράτων,

67 1798 95 1854 ut
115 1791 194 1876 diri,
216 1789 402 1870 derivatum3
435 1788 489 1854 illa
512 1807 587 1854 vero
618 1807 697 1870 quae
718 1806 779 1853 una
801 1806 942 1854 consona
962 1790 1032 1870 plus
1054 1795 1173 1865 habeut

67 1890 236 1955 adiversis
259 1893 329 1952 orla
350 1894 421 1952 sont
442 1890 611 1971 principiis
633 1883 799 1969 Δάμυλλος
818 1891 1084 1972 αΔαμονλῆςεολ
1096 1902 1168 1982 Δρ.-

66 1984 158 2070 μύλος
179 2007 200 2052 a
220 1988 331 2070 Δῆμος
351 1987 400 2051 vel
420 1983 542 2070 Δήμων
569 1995 603 2051 ul
625 1984 772 2069 Σιμύλος,
799 1982 976 2066 Θράσυλλος
997 2005 1015 2052 a
1040 1994 1168 2076 Θρασυ-

67 2091 135 2172 κλῆς
161 2089 270 2170 potius
298 2103 388 2168 quam
417 2105 435 2150 a
460 2083 658 2170 diospoleos,
695 2088 754 2150 etsi
781 2091 913 2166 utroque
940 2089 1063 2153 nominc
1088 2093 1169 2161 idem

18 2199 19 2206 ’
68 2187 154 2252 lomo
185 2187 363 2268 appellatus
390 2193 438 2250 est
460 2206 488 2250 v.
510 2187 651 2251 Perizon.
673 2185 712 2251 ad
732 2185 851 2249 Aelian.
874 2184 908 2248 V.
931 2184 966 2248 H.
987 2187 1035 2251 Ν.
1056 2189 1106 2254 25.
1136 2202 1170 2259 ut

67 2285 202 2350 Perilaus
225 2291 258 2348 et
277 2284 408 2353 Perillus
431 2287 553 2368 aliaque
573 2303 669 2366 supra
688 2285 853 2367 disputata.
897 2277 1084 2367 Πρέπελλος,
1107 2309 1169 2373 quo

16 2458 17 2462 ρ
68 2384 196 2448 libertus
227 2384 324 2446 utitur
348 2384 381 2447 in
410 2385 501 2448 Sicel.
530 2384 636 2448 Praei..
660 2402 690 2466 p.
719 2383 755 2447 Χ.
782 2398 893 2445 vereor
921 2400 961 2447 no
993 2384 1170 2468 Πρεπέλαος

16 2473 17 2532 l
70 2480 262 2546 scribendum
287 2481 328 2545 sit
348 2481 500 2564 planeque
522 2483 646 2548 diversa
667 2489 742 2566 pulo
761 2477 885 2562 Ἔχελος
909 2477 1091 2565 οιἝχελλος
1111 2507 1171 2556 neo

16 2579 17 2596 ³
70 2585 228 2644 contracta
243 2573 432 2661 ονἘλχέλαος
446 2580 526 2646 uude
544 2576 674 2664 Ἐχέλας.
716 2581 800 2645 luter
817 2574 950 2662 Ὀφέλας
967 2575 1118 2665 Ὀφέλλας
1139 2595 1170 2654 et

65 2671 208 2762 Ὀφέλτας
223 2686 379 2747 certamen
394 2699 526 2762 auceps3
541 2683 669 2761 primurn
682 2680 771 2746 metri
787 2680 867 2743 ratio
883 2679 1018 2746 delendil
1032 2684 1063 2748 io
1077 2704 1170 2752 versu

69 2778 251 2859 Apollodori
265 2778 349 2843 Com.
362 2780 408 2842 Fr.
423 2779 548 2846 lulla.
564 2781 693 2845 allorum
706 2796 774 2843 curn
792 2779 930 2861 aliorum,
949 2786 1011 2844 tum
1020 2782 1171 2863 Cyrenaei

71 2878 214 2959 principis
232 2893 346 2941 nomeu
367 2884 415 2942 est
432 2881 558 2961 saepius
575 2878 704 2960 leolum3
726 2876 782 2942 sed
803 2877 852 2940 hic
871 2876 950 2940 idem
969 2897 987 2942 a
1005 2880 1170 2949 Plutarcho

68 2966 213 3058 Ὀφέλτας
233 2981 364 3038 uocatur
383 2978 416 3039 in
437 2970 471 3041 V.
493 2978 579 3042 Deru.
602 2978 678 3042 XIV.
701 2996 729 3041 v.
743 2976 865 3040 Reiues.
884 2974 922 3038 ad
942 2977 1025 3042 Suid.
1049 2998 1075 3044 s.
1099 2982 1118 3045 l.
1141 2988 1172 3047 et

71 3073 253 3154 interpretes
275 3075 461 3155 scriptorum
481 3093 561 3156 quos
582 3077 633 3140 hic
646 3075 793 3139 nominat.
820 3073 882 3137 ·His
904 3075 1070 3142 subtexere
1091 3097 1172 3145 cou-

71 3174 169 3236 reuiat
196 3167 395 3247 Μαύσαλλος
422 3174 454 3237 in
480 3176 609 3238 nummis
643 3178 672 3238 el
704 3170 857 3253 lapidibus
886 3175 1034 3255 scriplum
1062 3186 1173 3245 conlra

72 3271 204 3351 regulam
226 3269 325 3334 Ciam.
348 3271 370 3334 l.
392 3269 442 3335 60.
464 3267 503 3335 τὰ
522 3267 575 3336 διὰ
594 3273 652 3336 τοῦ
668 3257 708 3334 ‘l'l
728 3265 909 3354 παραλήξεις
929 3269 987 3354 ἔχει
1006 3277 1070 3340 τῶν
1095 3278 1170 3360 (scr.

72 3366 207 3451 πάντων)
230 3361 420 3452 φωνηέντων
440 3369 533 3452 χωρὶς
552 3372 610 3434 τοῦ
631 3378 652 3453 ῆ
672 3365 726 3433 καὶ
746 3371 773 3432 ὦ
794 3369 955 3434 παύταλλα
970 3372 1043 3454 (ser.
1059 3371 1172 3448 πάλλα)

73 3460 91 3548 ἡ
111 3473 238 3550 σφαῖρα,
260 3467 381 3532 δίκελλα
401 3505 443 3517 -
462 3465 501 3532 τὰ
522 3464 555 3532 δὲ
576 3464 670 3552 φύσει
688 3465 793 3552 μακρὰ
818 3465 1018 3554 παρῃτήσατο
1044 3465 1065 3556 ἡ
1095 3478 1173 3538 ονλ-

74 3561 145 3649 ludi
166 3560 246 3648 ὑπὲρ
266 3567 324 3630 τοῦ
345 3561 388 3648 μὴ
408 3561 512 3649 μακρὰ
533 3563 583 3636 ἐπὶ
601 3572 731 3650 μακροῖς
750 3565 903 3651 γενέσθαι.

152 3689 183 3759 s.
208 3683 238 3747 2.
281 3682 327 3746 De
348 3682 501 3747 vocalium
522 3683 602 3747 inter
624 3701 659 3748 se
681 3686 930 3762 commutatione,
953 3687 1042 3763 cujus
1058 3685 1177 3767 aliquoi

78 3783 211 3864 exemplu
238 3779 496 3862 praecedentibus
522 3782 699 3847 intermixta
727 3788 815 3866 suut,
845 3799 926 3848 nunc
947 3780 1107 3846 dicendum
1128 3787 1178 3848 est

80 4078 100 4132 D
137 3999 165 4067 3)
188 3999 247 4055 Nisi
263 3999 309 4056 ille
327 3999 422 4056 retium
441 4000 559 4057 inuentor
575 3998 709 4054 fabulosus
723 3998 833 4068 dreylus
843 4000 930 4068 polius
945 3999 1030 4053 dictus
1045 4003 1087 4055 est
1100 4014 1173 4069 quau

101 4084 206 4152 ereplus.
