<?xml version="1.0" encoding="UTF-8"?>
<!DOCTYPE html PUBLIC "-//W3C//DTD XHTML 1.0 Transitional//EN"
    "http://www.w3.org/TR/xhtml1/DTD/xhtml1-transitional.dtd">
<html xmlns="http://www.w3.org/1999/xhtml" xml:lang="en" lang="en">
 <head>
  <title>
</title>
<meta http-equiv="Content-Type" content="text/html;charset=utf-8" />
  <meta name='ocr-system' content='tesseract 3.04.00' />
  <meta name='ocr-capabilities' content='ocr_page ocr_carea ocr_par ocr_line ocrx_word'/>
</head>
<body>
  <div class='ocr_page' id='page_1' title='image "./pathologiaeserm01lobegoog_0258.png"; bbox 0 0 2758 4994; ppageno 0'>
   <div class='ocr_carea' id='block_1_1' title="bbox 142 287 1157 372">
    <p class='ocr_par' dir='ltr' id='par_1_1' title="bbox 142 287 1157 372">
     <span class='ocr_line' id='line_1_1' title="bbox 142 287 1157 372; baseline 0.001 -10"><span class='ocrx_word' id='word_1_1' title='bbox 142 295 199 362; x_wconf 86' lang='lat' dir='ltr'><strong>DE</strong></span> <span class='ocrx_word' id='word_1_2' title='bbox 220 291 439 359; x_wconf 77' lang='lat' dir='ltr'><strong>NOMINIBUS</strong></span> <span class='ocrx_word' id='word_1_3' title='bbox 461 289 503 356; x_wconf 85' lang='lat' dir='ltr'><strong>ut</strong></span> <span class='ocrx_word' id='word_1_4' title='bbox 526 287 824 357; x_wconf 71' lang='lat' dir='ltr'><strong>euretmt‘teus.</strong></span> <span class='ocrx_word' id='word_1_5' title='bbox 848 291 881 358; x_wconf 84' lang='lat' dir='ltr'><strong>C.</strong></span> <span class='ocrx_word' id='word_1_6' title='bbox 896 292 957 360; x_wconf 85' lang='lat' dir='ltr'><strong>vn.</strong></span> <span class='ocrx_word' id='word_1_7' title='bbox 971 301 1002 372; x_wconf 76' lang='lat'><strong>§-</strong></span> <span class='ocrx_word' id='word_1_8' title='bbox 1016 295 1044 363; x_wconf 91' lang='lat'><strong>1.</strong></span> <span class='ocrx_word' id='word_1_9' title='bbox 1093 294 1157 367; x_wconf 66' lang='grc'><strong>941</strong></span> 
     </span>
    </p>
   </div>
   <div class='ocr_carea' id='block_1_2' title="bbox 36 456 1156 647">
    <p class='ocr_par' dir='ltr' id='par_1_2' title="bbox 36 456 1156 647">
     <span class='ocr_line' id='line_1_2' title="bbox 38 456 1156 548; baseline 0.002 -22"><span class='ocrx_word' id='word_1_10' title='bbox 38 463 162 544; x_wconf 80' lang='lat' dir='ltr'><strong>Theeg.</strong></span> <span class='ocrx_word' id='word_1_11' title='bbox 177 459 258 532; x_wconf 82' lang='grc'><strong>,000</strong></span> <span class='ocrx_word' id='word_1_12' title='bbox 280 459 394 540; x_wconf 84' lang='lat' dir='ltr'><strong>quippe</strong></span> <span class='ocrx_word' id='word_1_13' title='bbox 421 456 605 538; x_wconf 78' lang='lat' dir='ltr'><strong>significatio</strong></span> <span class='ocrx_word' id='word_1_14' title='bbox 632 456 793 538; x_wconf 83' lang='lat' dir='ltr'><strong>utriusque</strong></span> <span class='ocrx_word' id='word_1_15' title='bbox 814 458 932 522; x_wconf 87' lang='lat' dir='ltr'><strong>termae</strong></span> <span class='ocrx_word' id='word_1_16' title='bbox 961 459 1069 525; x_wconf 84' lang='lat' dir='ltr'><strong>eadem</strong></span> <span class='ocrx_word' id='word_1_17' title='bbox 1097 467 1156 548; x_wconf 79' lang='lat' dir='ltr'><strong>est,</strong></span> 
     </span>
     <span class='ocr_line' id='line_1_3' title="bbox 36 552 1155 647; baseline -0.003 -21"><span class='ocrx_word' id='word_1_18' title='bbox 36 567 73 626; x_wconf 94' lang='lat' dir='ltr'><strong>ut</strong></span> <span class='ocrx_word' id='word_1_19' title='bbox 103 561 142 624; x_wconf 89' lang='lat' dir='ltr'><strong>in</strong></span> <span class='ocrx_word' id='word_1_20' title='bbox 174 558 281 622; x_wconf 81' lang='lat' dir='ltr'><strong>verbis</strong></span> <span class='ocrx_word' id='word_1_21' title='bbox 307 552 405 638; x_wconf 81' lang='grc' dir='ltr'><strong><em>κέοχα</em></strong></span> <span class='ocrx_word' id='word_1_22' title='bbox 430 553 564 637; x_wconf 53' lang='lat' dir='ltr'><strong>uterve,</strong></span> <span class='ocrx_word' id='word_1_23' title='bbox 594 556 642 620; x_wconf 85' lang='lat' dir='ltr'><strong>sie</strong></span> <span class='ocrx_word' id='word_1_24' title='bbox 668 556 700 621; x_wconf 90' lang='lat' dir='ltr'><strong>iu</strong></span> <span class='ocrx_word' id='word_1_25' title='bbox 726 557 902 621; x_wconf 82' lang='lat' dir='ltr'><strong>numinibus</strong></span> <span class='ocrx_word' id='word_1_26' title='bbox 930 553 1013 642; x_wconf 82' lang='grc' dir='ltr'><strong><em>ὄμπη</em></strong></span> <span class='ocrx_word' id='word_1_27' title='bbox 1038 555 1155 647; x_wconf 83' lang='grc' dir='ltr'><strong><em>-ὄμιινη,</em></strong></span> 
     </span>
    </p>
   </div>
   <div class='ocr_carea' id='block_1_3' title="bbox 34 647 1225 2522">
    <p class='ocr_par' dir='ltr' id='par_1_3' title="bbox 34 647 1225 2522">
     <span class='ocr_line' id='line_1_4' title="bbox 35 647 1155 744; baseline 0.001 -21"><span class='ocrx_word' id='word_1_28' title='bbox 35 655 153 744; x_wconf 77' lang='grc' dir='ltr'><strong><em>μύῤῥα</em></strong></span> <span class='ocrx_word' id='word_1_29' title='bbox 174 651 332 739; x_wconf 72' lang='grc' dir='ltr'><strong>σμύρνα,3</strong></span> <span class='ocrx_word' id='word_1_30' title='bbox 351 649 463 737; x_wconf 75' lang='grc' dir='ltr'><strong><em>περκός</em></strong></span> <span class='ocrx_word' id='word_1_31' title='bbox 482 651 623 736; x_wconf 79' lang='grc' dir='ltr'><strong><em>περκνός,</em></strong></span> <span class='ocrx_word' id='word_1_32' title='bbox 645 647 746 736; x_wconf 78' lang='grc' dir='ltr'><strong><em>ὀρφός</em></strong></span> <span class='ocrx_word' id='word_1_33' title='bbox 767 655 891 736; x_wconf 88' lang='lat' dir='ltr'><strong>(Parall.</strong></span> <span class='ocrx_word' id='word_1_34' title='bbox 912 655 996 740; x_wconf 90' lang='grc'><strong>344.)</strong></span> <span class='ocrx_word' id='word_1_35' title='bbox 1024 653 1155 741; x_wconf 80' lang='grc' dir='ltr'><strong><em>ὀρφνός,</em></strong></span> 
     </span>
     <span class='ocr_line' id='line_1_5' title="bbox 35 747 1154 836; baseline 0.002 -13"><span class='ocrx_word' id='word_1_36' title='bbox 35 754 135 832; x_wconf 83' lang='grc' dir='ltr'><strong><em>πελός</em></strong></span> <span class='ocrx_word' id='word_1_37' title='bbox 165 759 235 821; x_wconf 82' lang='lat' dir='ltr'><strong>sive</strong></span> <span class='ocrx_word' id='word_1_38' title='bbox 260 751 368 830; x_wconf 76' lang='grc' dir='ltr'><strong><em>πελλός</em></strong></span> <span class='ocrx_word' id='word_1_39' title='bbox 396 754 499 836; x_wconf 86' lang='lat' dir='ltr'><strong>pullus</strong></span> <span class='ocrx_word' id='word_1_40' title='bbox 527 747 635 827; x_wconf 83' lang='grc' dir='ltr'><strong><em>αιλνός</em></strong></span> <span class='ocrx_word' id='word_1_41' title='bbox 662 747 757 834; x_wconf 78' lang='grc' dir='ltr'><strong><em>φανός</em></strong></span> <span class='ocrx_word' id='word_1_42' title='bbox 783 753 855 818; x_wconf 91' lang='lat' dir='ltr'><strong>Hes.</strong></span> <span class='ocrx_word' id='word_1_43' title='bbox 884 770 964 834; x_wconf 88' lang='lat' dir='ltr'><strong>quae</strong></span> <span class='ocrx_word' id='word_1_44' title='bbox 992 759 1154 826; x_wconf 74' lang='lat' dir='ltr'><strong>antithesis</strong></span> 
     </span>
     <span class='ocr_line' id='line_1_6' title="bbox 35 852 1154 941; baseline -0.003 -19"><span class='ocrx_word' id='word_1_45' title='bbox 35 857 168 922; x_wconf 84' lang='lat' dir='ltr'><strong>vocalis</strong></span> <span class='ocrx_word' id='word_1_46' title='bbox 198 871 294 934; x_wconf 88' lang='lat' dir='ltr'><strong>saepe</strong></span> <span class='ocrx_word' id='word_1_47' title='bbox 320 853 485 918; x_wconf 88' lang='lat' dir='ltr'><strong>verberum</strong></span> <span class='ocrx_word' id='word_1_48' title='bbox 513 858 623 915; x_wconf 83' lang='lat' dir='ltr'><strong>auctus</strong></span> <span class='ocrx_word' id='word_1_49' title='bbox 648 852 821 934; x_wconf 80' lang='lat' dir='ltr'><strong>insequitur</strong></span> <span class='ocrx_word' id='word_1_50' title='bbox 845 852 985 938; x_wconf 79' lang='grc' dir='ltr'><strong><em>πίλνημι,</em></strong></span> <span class='ocrx_word' id='word_1_51' title='bbox 1020 857 1154 941; x_wconf 74' lang='grc' dir='ltr'><strong><em>πίανημι,</em></strong></span> 
     </span>
     <span class='ocr_line' id='line_1_7' title="bbox 35 945 1155 1040; baseline 0.001 -20"><span class='ocrx_word' id='word_1_52' title='bbox 35 956 148 1020; x_wconf 79' lang='grc' dir='ltr'><strong><em>τίκτω.</em></strong></span> <span class='ocrx_word' id='word_1_53' title='bbox 196 951 258 1019; x_wconf 84' lang='lat' dir='ltr'><strong>Sed</strong></span> <span class='ocrx_word' id='word_1_54' title='bbox 284 953 365 1016; x_wconf 87' lang='lat' dir='ltr'><strong>iuter</strong></span> <span class='ocrx_word' id='word_1_55' title='bbox 392 945 505 1030; x_wconf 82' lang='grc' dir='ltr'><strong><em>σισύρα</em></strong></span> <span class='ocrx_word' id='word_1_56' title='bbox 533 958 563 1014; x_wconf 87' lang='lat' dir='ltr'><strong>et</strong></span> <span class='ocrx_word' id='word_1_57' title='bbox 590 945 724 1031; x_wconf 84' lang='grc' dir='ltr'><strong><em>σισύρνα</em></strong></span> <span class='ocrx_word' id='word_1_58' title='bbox 749 951 929 1015; x_wconf 83' lang='lat' dir='ltr'><strong>Ammonius</strong></span> <span class='ocrx_word' id='word_1_59' title='bbox 956 955 1155 1040; x_wconf 87' lang='lat' dir='ltr'><strong>aliquippiem</strong></span> 
     </span>
     <span class='ocr_line' id='line_1_8' title="bbox 34 1041 1155 1130; baseline 0.004 -11"><span class='ocrx_word' id='word_1_60' title='bbox 34 1057 205 1119; x_wconf 86' lang='lat' dir='ltr'><strong>iuteresse</strong></span> <span class='ocrx_word' id='word_1_61' title='bbox 226 1051 343 1116; x_wconf 82' lang='lat' dir='ltr'><strong>statuit.</strong></span> <span class='ocrx_word' id='word_1_62' title='bbox 392 1050 445 1115; x_wconf 80' lang='lat' dir='ltr'><strong>Sir</strong></span> <span class='ocrx_word' id='word_1_63' title='bbox 471 1049 564 1112; x_wconf 87' lang='lat' dir='ltr'><strong>etiam</strong></span> <span class='ocrx_word' id='word_1_64' title='bbox 591 1065 683 1130; x_wconf 84' lang='lat' dir='ltr'><strong>quum</strong></span> <span class='ocrx_word' id='word_1_65' title='bbox 711 1048 772 1112; x_wconf 88' lang='lat' dir='ltr'><strong>due</strong></span> <span class='ocrx_word' id='word_1_66' title='bbox 799 1049 862 1114; x_wconf 91' lang='lat' dir='ltr'><strong>siut</strong></span> <span class='ocrx_word' id='word_1_67' title='bbox 890 1051 985 1115; x_wconf 86' lang='lat' dir='ltr'><strong>verba</strong></span> <span class='ocrx_word' id='word_1_68' title='bbox 1009 1041 1155 1124; x_wconf 83' lang='lat' dir='ltr'><strong>¹diversae</strong></span> 
     </span>
     <span class='ocr_line' id='line_1_9' title="bbox 37 1141 1155 1237; baseline -0.013 -18"><span class='ocrx_word' id='word_1_69' title='bbox 37 1153 219 1237; x_wconf 84' lang='lat' dir='ltr'><strong>potestatis</strong></span> <span class='ocrx_word' id='word_1_70' title='bbox 240 1145 322 1213; x_wconf 69' lang='grc' dir='ltr'><strong><em>πλέον</em></strong></span> <span class='ocrx_word' id='word_1_71' title='bbox 340 1141 378 1210; x_wconf 85' lang='grc' dir='ltr'><strong>τὸ</strong></span> <span class='ocrx_word' id='word_1_72' title='bbox 398 1143 491 1211; x_wconf 64' lang='lat' dir='ltr'><strong>maie</strong></span> <span class='ocrx_word' id='word_1_73' title='bbox 513 1154 544 1211; x_wconf 87' lang='lat' dir='ltr'><strong>et</strong></span> <span class='ocrx_word' id='word_1_74' title='bbox 563 1142 646 1212; x_wconf 66' lang='lat' dir='ltr'><strong>atae</strong></span> <span class='ocrx_word' id='word_1_75' title='bbox 666 1142 702 1211; x_wconf 80' lang='grc' dir='ltr'><strong>τὸ</strong></span> <span class='ocrx_word' id='word_1_76' title='bbox 722 1143 845 1230; x_wconf 73' lang='grc' dir='ltr'><strong><em>νικήσω,</em></strong></span> <span class='ocrx_word' id='word_1_77' title='bbox 868 1163 907 1212; x_wconf 90' lang='lat' dir='ltr'><strong>ue</strong></span> <span class='ocrx_word' id='word_1_78' title='bbox 927 1165 988 1232; x_wconf 83' lang='lat' dir='ltr'><strong>qua</strong></span> <span class='ocrx_word' id='word_1_79' title='bbox 1002 1153 1155 1236; x_wconf 71' lang='lat' dir='ltr'><strong>ambigat.</strong></span> 
     </span>
     <span class='ocr_line' id='line_1_10' title="bbox 38 1241 1154 1340; baseline 0.001 -21"><span class='ocrx_word' id='word_1_80' title='bbox 38 1261 92 1318; x_wconf 91' lang='lat' dir='ltr'><strong>tas</strong></span> <span class='ocrx_word' id='word_1_81' title='bbox 121 1253 269 1332; x_wconf 83' lang='lat' dir='ltr'><strong>oriretur,</strong></span> <span class='ocrx_word' id='word_1_82' title='bbox 291 1248 330 1312; x_wconf 88' lang='lat' dir='ltr'><strong>ab</strong></span> <span class='ocrx_word' id='word_1_83' title='bbox 351 1247 405 1340; x_wconf 73' lang='lat' dir='ltr'><strong>iiio</strong></span> <span class='ocrx_word' id='word_1_84' title='bbox 426 1243 531 1330; x_wconf 78' lang='grc' dir='ltr'><strong><em>πλήμη</em></strong></span> <span class='ocrx_word' id='word_1_85' title='bbox 551 1241 572 1330; x_wconf 85' lang='grc' dir='ltr'><strong><em>ἡ</em></strong></span> <span class='ocrx_word' id='word_1_86' title='bbox 592 1242 739 1330; x_wconf 67' lang='grc' dir='ltr'><strong><em>τλήμονα</em></strong></span> <span class='ocrx_word' id='word_1_87' title='bbox 760 1245 929 1311; x_wconf 82' lang='lat' dir='ltr'><strong>derivatum</strong></span> <span class='ocrx_word' id='word_1_88' title='bbox 951 1257 1008 1333; x_wconf 87' lang='lat' dir='ltr'><strong>est,</strong></span> <span class='ocrx_word' id='word_1_89' title='bbox 1032 1253 1071 1317; x_wconf 89' lang='lat' dir='ltr'><strong>ab</strong></span> <span class='ocrx_word' id='word_1_90' title='bbox 1093 1255 1154 1320; x_wconf 81' lang='lat' dir='ltr'><strong>hee</strong></span> 
     </span>
     <span class='ocr_line' id='line_1_11' title="bbox 37 1345 1154 1435; baseline -0.001 -20"><span class='ocrx_word' id='word_1_91' title='bbox 37 1347 182 1435; x_wconf 77' lang='grc' dir='ltr'><strong><em>πλήμνη.</em></strong></span> <span class='ocrx_word' id='word_1_92' title='bbox 223 1349 309 1413; x_wconf 83' lang='lat' dir='ltr'><strong>litam</strong></span> <span class='ocrx_word' id='word_1_93' title='bbox 329 1364 404 1412; x_wconf 87' lang='lat' dir='ltr'><strong>rere</strong></span> <span class='ocrx_word' id='word_1_94' title='bbox 425 1361 586 1427; x_wconf 69' lang='lat' dir='ltr'><strong>syncopae</strong></span> <span class='ocrx_word' id='word_1_95' title='bbox 607 1345 818 1426; x_wconf 78' lang='lat' dir='ltr'><strong>suspicionem</strong></span> <span class='ocrx_word' id='word_1_96' title='bbox 846 1362 947 1427; x_wconf 86' lang='lat' dir='ltr'><strong>neque</strong></span> <span class='ocrx_word' id='word_1_97' title='bbox 974 1366 1154 1435; x_wconf 77' lang='lat' dir='ltr'><strong>usquequa-</strong></span> 
     </span>
     <span class='ocr_line' id='line_1_12' title="bbox 39 1446 1154 1536; baseline 0.002 -21"><span class='ocrx_word' id='word_1_98' title='bbox 39 1469 105 1534; x_wconf 86' lang='lat' dir='ltr'><strong>que</strong></span> <span class='ocrx_word' id='word_1_99' title='bbox 128 1449 322 1529; x_wconf 78' lang='lat' dir='ltr'><strong>respuimus,</strong></span> <span class='ocrx_word' id='word_1_100' title='bbox 342 1461 444 1526; x_wconf 86' lang='lat' dir='ltr'><strong>neque</strong></span> <span class='ocrx_word' id='word_1_101' title='bbox 472 1447 619 1509; x_wconf 81' lang='lat' dir='ltr'><strong>contiuuo</strong></span> <span class='ocrx_word' id='word_1_102' title='bbox 649 1446 766 1528; x_wconf 89' lang='lat' dir='ltr'><strong>emnia,</strong></span> <span class='ocrx_word' id='word_1_103' title='bbox 794 1461 874 1526; x_wconf 89' lang='lat' dir='ltr'><strong>quae</strong></span> <span class='ocrx_word' id='word_1_104' title='bbox 901 1446 1045 1514; x_wconf 88' lang='lat' dir='ltr'><strong>breviora</strong></span> <span class='ocrx_word' id='word_1_105' title='bbox 1072 1457 1154 1536; x_wconf 88' lang='lat' dir='ltr'><strong>suut,</strong></span> 
     </span>
     <span class='ocr_line' id='line_1_13' title="bbox 37 1544 1155 1630; baseline 0.004 -19"><span class='ocrx_word' id='word_1_106' title='bbox 37 1548 207 1612; x_wconf 90' lang='lat' dir='ltr'><strong>imminuta</strong></span> <span class='ocrx_word' id='word_1_107' title='bbox 228 1561 300 1610; x_wconf 87' lang='lat' dir='ltr'><strong>esse</strong></span> <span class='ocrx_word' id='word_1_108' title='bbox 322 1551 485 1626; x_wconf 82' lang='lat' dir='ltr'><strong>putamus3</strong></span> <span class='ocrx_word' id='word_1_109' title='bbox 511 1561 582 1608; x_wconf 87' lang='lat' dir='ltr'><strong>uam</strong></span> <span class='ocrx_word' id='word_1_110' title='bbox 602 1544 668 1608; x_wconf 86' lang='lat' dir='ltr'><strong>fleri</strong></span> <span class='ocrx_word' id='word_1_111' title='bbox 694 1549 801 1624; x_wconf 88' lang='lat' dir='ltr'><strong>potest</strong></span> <span class='ocrx_word' id='word_1_112' title='bbox 828 1551 861 1606; x_wconf 89' lang='lat' dir='ltr'><strong>ut</strong></span> <span class='ocrx_word' id='word_1_113' title='bbox 889 1551 1019 1630; x_wconf 88' lang='lat' dir='ltr'><strong>utraque</strong></span> <span class='ocrx_word' id='word_1_114' title='bbox 1045 1553 1155 1614; x_wconf 85' lang='lat' dir='ltr'><strong>termi-</strong></span> 
     </span>
     <span class='ocr_line' id='line_1_14' title="bbox 39 1638 1155 1731; baseline 0.001 -19"><span class='ocrx_word' id='word_1_115' title='bbox 39 1649 133 1712; x_wconf 84' lang='lat' dir='ltr'><strong>natio</strong></span> <span class='ocrx_word' id='word_1_116' title='bbox 157 1661 301 1710; x_wconf 87' lang='lat' dir='ltr'><strong>seorsum</strong></span> <span class='ocrx_word' id='word_1_117' title='bbox 322 1650 397 1706; x_wconf 85' lang='lat' dir='ltr'><strong>uate</strong></span> <span class='ocrx_word' id='word_1_118' title='bbox 418 1644 459 1706; x_wconf 85' lang='lat' dir='ltr'><strong>sit</strong></span> <span class='ocrx_word' id='word_1_119' title='bbox 479 1642 571 1706; x_wconf 87' lang='lat' dir='ltr'><strong>mede</strong></span> <span class='ocrx_word' id='word_1_120' title='bbox 594 1644 665 1708; x_wconf 89' lang='lat' dir='ltr'><strong>seui</strong></span> <span class='ocrx_word' id='word_1_121' title='bbox 686 1641 825 1706; x_wconf 86' lang='lat' dir='ltr'><strong>variandi</strong></span> <span class='ocrx_word' id='word_1_122' title='bbox 846 1659 942 1708; x_wconf 88' lang='lat' dir='ltr'><strong>eausa</strong></span> <span class='ocrx_word' id='word_1_123' title='bbox 961 1654 994 1710; x_wconf 87' lang='lat' dir='ltr'><strong>ut</strong></span> <span class='ocrx_word' id='word_1_124' title='bbox 1015 1638 1155 1731; x_wconf 78' lang='grc' dir='ltr'><strong><em>ὀρφανός</em></strong></span> 
     </span>
     <span class='ocr_line' id='line_1_15' title="bbox 40 1735 1155 1830; baseline 0.002 -20"><span class='ocrx_word' id='word_1_125' title='bbox 40 1740 169 1830; x_wconf 83' lang='grc' dir='ltr'><strong><em>ὀρφνός</em></strong></span> <span class='ocrx_word' id='word_1_126' title='bbox 187 1761 217 1808; x_wconf 87' lang='lat' dir='ltr'><strong>r.</strong></span> <span class='ocrx_word' id='word_1_127' title='bbox 238 1745 329 1824; x_wconf 89' lang='lat' dir='ltr'><strong>lnttp.</strong></span> <span class='ocrx_word' id='word_1_128' title='bbox 350 1742 389 1806; x_wconf 85' lang='lat' dir='ltr'><strong>ad</strong></span> <span class='ocrx_word' id='word_1_129' title='bbox 410 1742 542 1821; x_wconf 74' lang='lat' dir='ltr'><strong>Hesyeh.</strong></span> <span class='ocrx_word' id='word_1_130' title='bbox 566 1757 592 1806; x_wconf 88' lang='lat' dir='ltr'><strong>s.</strong></span> <span class='ocrx_word' id='word_1_131' title='bbox 609 1735 803 1824; x_wconf 82' lang='grc' dir='ltr'><strong><em>’οοφαναία,</em></strong></span> <span class='ocrx_word' id='word_1_132' title='bbox 826 1744 918 1808; x_wconf 87' lang='lat' dir='ltr'><strong>mede</strong></span> <span class='ocrx_word' id='word_1_133' title='bbox 941 1746 1033 1810; x_wconf 88' lang='lat' dir='ltr'><strong>etiam</strong></span> <span class='ocrx_word' id='word_1_134' title='bbox 1054 1747 1155 1829; x_wconf 79' lang='lat' dir='ltr'><strong>sigui-</strong></span> 
     </span>
     <span class='ocr_line' id='line_1_16' title="bbox 40 1834 1154 1924; baseline -0.001 -13"><span class='ocrx_word' id='word_1_135' title='bbox 40 1843 202 1911; x_wconf 83' lang='lat' dir='ltr'><strong>ficatiouis</strong></span> <span class='ocrx_word' id='word_1_136' title='bbox 222 1849 257 1906; x_wconf 91' lang='lat' dir='ltr'><strong>ut</strong></span> <span class='ocrx_word' id='word_1_137' title='bbox 276 1842 379 1924; x_wconf 78' lang='grc' dir='ltr'><strong><em>λίχνος</em></strong></span> <span class='ocrx_word' id='word_1_138' title='bbox 398 1834 552 1922; x_wconf 59' lang='lat' dir='ltr'><strong>texeretis*</strong></span> <span class='ocrx_word' id='word_1_139' title='bbox 592 1840 675 1905; x_wconf 87' lang='lat' dir='ltr'><strong>idem</strong></span> <span class='ocrx_word' id='word_1_140' title='bbox 695 1844 728 1906; x_wconf 90' lang='lat' dir='ltr'><strong>tit</strong></span> <span class='ocrx_word' id='word_1_141' title='bbox 749 1844 862 1906; x_wconf 81' lang='lat' dir='ltr'><strong>ceteris</strong></span> <span class='ocrx_word' id='word_1_142' title='bbox 883 1843 1053 1911; x_wconf 77' lang='lat' dir='ltr'><strong>vocatibus.</strong></span> <span class='ocrx_word' id='word_1_143' title='bbox 1095 1841 1154 1910; x_wconf 79' lang='grc' dir='ltr'><strong>Φλ-</strong></span> 
     </span>
     <span class='ocr_line' id='line_1_17' title="bbox 42 1931 1154 2029; baseline -0.001 -19"><span class='ocrx_word' id='word_1_144' title='bbox 42 1967 122 2029; x_wconf 77' lang='grc' dir='ltr'><strong><em>μενσι</em></strong></span> <span class='ocrx_word' id='word_1_145' title='bbox 143 1951 176 2009; x_wconf 81' lang='lat' dir='ltr'><strong>et</strong></span> <span class='ocrx_word' id='word_1_146' title='bbox 195 1940 304 2026; x_wconf 76' lang='grc' dir='ltr'><strong><em>φερνή,</em></strong></span> <span class='ocrx_word' id='word_1_147' title='bbox 324 1939 466 2013; x_wconf 73' lang='grc' dir='ltr'><strong><em>παίδινος</em></strong></span> <span class='ocrx_word' id='word_1_148' title='bbox 485 1931 506 2021; x_wconf 79' lang='grc' dir='ltr'><em>ἦ</em></span> <span class='ocrx_word' id='word_1_149' title='bbox 526 1939 671 2023; x_wconf 75' lang='grc' dir='ltr'><strong><em>παιδίσκη</em></strong></span> <span class='ocrx_word' id='word_1_150' title='bbox 691 1941 764 2005; x_wconf 81' lang='lat' dir='ltr'><strong>Hes,</strong></span> <span class='ocrx_word' id='word_1_151' title='bbox 784 1948 815 2004; x_wconf 85' lang='lat' dir='ltr'><strong>et</strong></span> <span class='ocrx_word' id='word_1_152' title='bbox 831 1937 970 2020; x_wconf 77' lang='grc' dir='ltr'><strong><em>παιδνὸς,</em></strong></span> <span class='ocrx_word' id='word_1_153' title='bbox 992 1944 1076 2022; x_wconf 83' lang='lat' dir='ltr'><strong>quod</strong></span> <span class='ocrx_word' id='word_1_154' title='bbox 1095 1963 1154 2009; x_wconf 82' lang='lat' dir='ltr'><strong>ve-</strong></span> 
     </span>
     <span class='ocr_line' id='line_1_18' title="bbox 43 2037 1154 2125; baseline -0.005 -15"><span class='ocrx_word' id='word_1_155' title='bbox 43 2052 147 2110; x_wconf 90' lang='lat' dir='ltr'><strong>terum</strong></span> <span class='ocrx_word' id='word_1_156' title='bbox 169 2041 309 2106; x_wconf 88' lang='lat' dir='ltr'><strong>uouuuiii</strong></span> <span class='ocrx_word' id='word_1_157' title='bbox 333 2040 468 2117; x_wconf 79' lang='grc' dir='ltr'><strong><em>ιινταλζω</em></strong></span> <span class='ocrx_word' id='word_1_158' title='bbox 492 2038 660 2102; x_wconf 85' lang='lat' dir='ltr'><strong>derivatum</strong></span> <span class='ocrx_word' id='word_1_159' title='bbox 681 2040 823 2120; x_wconf 87' lang='lat' dir='ltr'><strong>putaut‚⁵</strong></span> <span class='ocrx_word' id='word_1_160' title='bbox 848 2038 978 2122; x_wconf 81' lang='grc' dir='ltr'><strong><em>τόρονος</em></strong></span> <span class='ocrx_word' id='word_1_161' title='bbox 1005 2037 1154 2125; x_wconf 73' lang='grc' dir='ltr'><strong><em>ὁτόρνος</em></strong></span> 
     </span>
     <span class='ocr_line' id='line_1_19' title="bbox 47 2135 1152 2227; baseline 0.002 -20"><span class='ocrx_word' id='word_1_162' title='bbox 47 2146 241 2227; x_wconf 79' lang='grc' dir='ltr'><strong><em>Ταραντῖνοι</em></strong></span> <span class='ocrx_word' id='word_1_163' title='bbox 268 2139 340 2204; x_wconf 86' lang='lat' dir='ltr'><strong>Hes.</strong></span> <span class='ocrx_word' id='word_1_164' title='bbox 369 2138 431 2202; x_wconf 89' lang='lat' dir='ltr'><strong>hee</strong></span> <span class='ocrx_word' id='word_1_165' title='bbox 458 2135 640 2218; x_wconf 87' lang='lat' dir='ltr'><strong>pleonasme</strong></span> <span class='ocrx_word' id='word_1_166' title='bbox 669 2141 816 2222; x_wconf 84' lang='lat' dir='ltr'><strong>propius,</strong></span> <span class='ocrx_word' id='word_1_167' title='bbox 846 2141 900 2203; x_wconf 90' lang='lat' dir='ltr'><strong>illa</strong></span> <span class='ocrx_word' id='word_1_168' title='bbox 929 2141 1039 2222; x_wconf 85' lang='lat' dir='ltr'><strong>ellipsi.</strong></span> <span class='ocrx_word' id='word_1_169' title='bbox 1090 2143 1152 2209; x_wconf 80' lang='lat' dir='ltr'><strong>Sed</strong></span> 
     </span>
     <span class='ocr_line' id='line_1_20' title="bbox 44 2232 1154 2324; baseline -0.001 -16"><span class='ocrx_word' id='word_1_170' title='bbox 44 2245 192 2324; x_wconf 86' lang='lat' dir='ltr'><strong>utrinque</strong></span> <span class='ocrx_word' id='word_1_171' title='bbox 214 2239 329 2322; x_wconf 84' lang='lat' dir='ltr'><strong>pariter</strong></span> <span class='ocrx_word' id='word_1_172' title='bbox 350 2237 445 2302; x_wconf 89' lang='lat' dir='ltr'><strong>distat</strong></span> <span class='ocrx_word' id='word_1_173' title='bbox 465 2232 625 2318; x_wconf 81' lang='grc' dir='ltr'><strong><em>στρωμνή,</em></strong></span> <span class='ocrx_word' id='word_1_174' title='bbox 658 2236 741 2318; x_wconf 87' lang='lat' dir='ltr'><strong>quod</strong></span> <span class='ocrx_word' id='word_1_175' title='bbox 763 2254 803 2301; x_wconf 86' lang='lat' dir='ltr'><strong>err</strong></span> <span class='ocrx_word' id='word_1_176' title='bbox 822 2233 973 2322; x_wconf 81' lang='grc' dir='ltr'><strong><em>οτορέμνη</em></strong></span> <span class='ocrx_word' id='word_1_177' title='bbox 995 2242 1154 2308; x_wconf 81' lang='lat' dir='ltr'><strong>concisum</strong></span> 
     </span>
     <span class='ocr_line' id='line_1_21' title="bbox 45 2336 1225 2418; baseline -0.002 -10"><span class='ocrx_word' id='word_1_178' title='bbox 45 2360 122 2408; x_wconf 86' lang='lat' dir='ltr'><strong>esse</strong></span> <span class='ocrx_word' id='word_1_179' title='bbox 143 2339 299 2405; x_wconf 81' lang='lat' dir='ltr'><strong>fabulatur</strong></span> <span class='ocrx_word' id='word_1_180' title='bbox 318 2337 408 2402; x_wconf 75' lang='grc' dir='ltr'><strong>ΕΜ.6</strong></span> <span class='ocrx_word' id='word_1_181' title='bbox 434 2352 492 2401; x_wconf 85' lang='lat' dir='ltr'><strong>uee</strong></span> <span class='ocrx_word' id='word_1_182' title='bbox 518 2337 642 2400; x_wconf 80' lang='lat' dir='ltr'><strong>veriora</strong></span> <span class='ocrx_word' id='word_1_183' title='bbox 670 2336 750 2400; x_wconf 83' lang='lat' dir='ltr'><strong>duee</strong></span> <span class='ocrx_word' id='word_1_184' title='bbox 778 2354 858 2418; x_wconf 89' lang='lat' dir='ltr'><strong>quae</strong></span> <span class='ocrx_word' id='word_1_185' title='bbox 887 2339 1093 2405; x_wconf 84' lang='lat' dir='ltr'><strong>Schneiderus</strong></span> <span class='ocrx_word' id='word_1_186' title='bbox 1120 2344 1153 2406; x_wconf 90' lang='lat' dir='ltr'><strong>iu</strong></span> <span class='ocrx_word' id='word_1_187' title='bbox 1217 2371 1225 2383; x_wconf 59' lang='lat'><strong><em>¹</em></strong></span> 
     </span>
     <span class='ocr_line' id='line_1_22' title="bbox 46 2430 1152 2522; baseline -0.001 -15"><span class='ocrx_word' id='word_1_188' title='bbox 46 2442 122 2507; x_wconf 63' lang='lat' dir='ltr'><strong>Lem</strong></span> <span class='ocrx_word' id='word_1_189' title='bbox 143 2446 175 2504; x_wconf 85' lang='lat' dir='ltr'><strong>et</strong></span> <span class='ocrx_word' id='word_1_190' title='bbox 197 2438 250 2502; x_wconf 86' lang='lat' dir='ltr'><strong>atii</strong></span> <span class='ocrx_word' id='word_1_191' title='bbox 271 2437 542 2502; x_wconf 80' lang='lat' dir='ltr'><strong>comminiscuntur</strong></span> <span class='ocrx_word' id='word_1_192' title='bbox 563 2430 698 2518; x_wconf 78' lang='grc' dir='ltr'><strong><em>στάμνος</em></strong></span> <span class='ocrx_word' id='word_1_193' title='bbox 718 2453 757 2500; x_wconf 85' lang='lat' dir='ltr'><strong>ex</strong></span> <span class='ocrx_word' id='word_1_194' title='bbox 777 2432 954 2520; x_wconf 76' lang='grc' dir='ltr'><strong><em>ἱστάμενος,</em></strong></span> <span class='ocrx_word' id='word_1_195' title='bbox 977 2435 1113 2522; x_wconf 82' lang='grc' dir='ltr'><strong><em>σκύμνος</em></strong></span> <span class='ocrx_word' id='word_1_196' title='bbox 1135 2457 1152 2506; x_wconf 84' lang='grc' dir='ltr'><strong>θ</strong></span> 
     </span>
    </p>
   </div>
   <div class='ocr_carea' id='block_1_4' title="bbox 49 2715 1156 4300">
    <p class='ocr_par' dir='ltr' id='par_1_4' title="bbox 49 2715 1154 3042">
     <span class='ocr_line' id='line_1_23' title="bbox 114 2715 1152 2797; baseline -0.001 -20"><span class='ocrx_word' id='word_1_197' title='bbox 114 2721 144 2790; x_wconf 84' lang='grc'><strong>3)</strong></span> <span class='ocrx_word' id='word_1_198' title='bbox 162 2717 263 2788; x_wconf 78' lang='grc' dir='ltr'><strong><em>Μύρῥα</em></strong></span> <span class='ocrx_word' id='word_1_199' title='bbox 288 2715 303 2782; x_wconf 80' lang='grc' dir='ltr'><strong><em>ἡ</em></strong></span> <span class='ocrx_word' id='word_1_200' title='bbox 321 2715 429 2788; x_wconf 78' lang='grc' dir='ltr'><strong><em>σμύρνα</em></strong></span> <span class='ocrx_word' id='word_1_201' title='bbox 451 2717 514 2786; x_wconf 81' lang='grc' dir='ltr'><strong><em>παρ’</em></strong></span> <span class='ocrx_word' id='word_1_202' title='bbox 532 2716 658 2770; x_wconf 74' lang='grc' dir='ltr'><strong>Αἰολεῦσι</strong></span> <span class='ocrx_word' id='word_1_203' title='bbox 673 2716 768 2774; x_wconf 81' lang='lat' dir='ltr'><strong>Athen.</strong></span> <span class='ocrx_word' id='word_1_204' title='bbox 787 2718 838 2774; x_wconf 84' lang='lat' dir='ltr'><strong>XV.</strong></span> <span class='ocrx_word' id='word_1_205' title='bbox 858 2721 916 2778; x_wconf 82' lang='grc'><strong>688.</strong></span> <span class='ocrx_word' id='word_1_206' title='bbox 936 2719 966 2776; x_wconf 80' lang='lat' dir='ltr'><strong>C.</strong></span> <span class='ocrx_word' id='word_1_207' title='bbox 987 2720 1070 2778; x_wconf 82' lang='lat' dir='ltr'><strong>omisi</strong></span> <span class='ocrx_word' id='word_1_208' title='bbox 1089 2741 1152 2797; x_wconf 77' lang='grc' dir='ltr'><strong><em>κρα-</em></strong></span> 
     </span>
     <span class='ocr_line' id='line_1_24' title="bbox 50 2799 1154 2874; baseline 0.004 -18"><span class='ocrx_word' id='word_1_209' title='bbox 50 2805 116 2874; x_wconf 82' lang='grc' dir='ltr'><strong><em>μός,</em></strong></span> <span class='ocrx_word' id='word_1_210' title='bbox 141 2799 278 2874; x_wconf 80' lang='grc' dir='ltr'><strong><em>κρνμνός,</em></strong></span> <span class='ocrx_word' id='word_1_211' title='bbox 303 2802 364 2868; x_wconf 90' lang='lat' dir='ltr'><strong>quia</strong></span> <span class='ocrx_word' id='word_1_212' title='bbox 386 2815 436 2853; x_wconf 89' lang='lat' dir='ltr'><strong>uon</strong></span> <span class='ocrx_word' id='word_1_213' title='bbox 461 2804 525 2856; x_wconf 88' lang='lat' dir='ltr'><strong>satis</strong></span> <span class='ocrx_word' id='word_1_214' title='bbox 543 2804 668 2856; x_wconf 89' lang='lat' dir='ltr'><strong>munitum</strong></span> <span class='ocrx_word' id='word_1_215' title='bbox 687 2807 740 2869; x_wconf 88' lang='lat' dir='ltr'><strong>est;</strong></span> <span class='ocrx_word' id='word_1_216' title='bbox 758 2803 874 2872; x_wconf 76' lang='grc' dir='ltr'><strong><em>Κρῶμος</em></strong></span> <span class='ocrx_word' id='word_1_217' title='bbox 891 2803 975 2860; x_wconf 82' lang='lat' dir='ltr'><strong>Graiu.</strong></span> <span class='ocrx_word' id='word_1_218' title='bbox 995 2806 1029 2860; x_wconf 90' lang='lat'><strong>11.</strong></span> <span class='ocrx_word' id='word_1_219' title='bbox 1047 2807 1107 2864; x_wconf 79' lang='lat'><strong>330.</strong></span> <span class='ocrx_word' id='word_1_220' title='bbox 1126 2814 1154 2866; x_wconf 84' lang='lat' dir='ltr'><strong>et</strong></span> 
     </span>
     <span class='ocr_line' id='line_1_25' title="bbox 49 2884 1152 2962; baseline 0.004 -20"><span class='ocrx_word' id='word_1_221' title='bbox 49 2889 183 2959; x_wconf 78' lang='grc' dir='ltr'><strong><em>Κηιῡμνας</em></strong></span> <span class='ocrx_word' id='word_1_222' title='bbox 201 2888 257 2942; x_wconf 79' lang='lat' dir='ltr'><strong>sive</strong></span> <span class='ocrx_word' id='word_1_223' title='bbox 274 2885 405 2953; x_wconf 79' lang='grc' dir='ltr'><strong><em>Κρῶμνα,</em></strong></span> <span class='ocrx_word' id='word_1_224' title='bbox 424 2884 534 2940; x_wconf 84' lang='lat' dir='ltr'><strong>tortasse</strong></span> <span class='ocrx_word' id='word_1_225' title='bbox 553 2885 640 2952; x_wconf 86' lang='lat' dir='ltr'><strong>aliqua</strong></span> <span class='ocrx_word' id='word_1_226' title='bbox 661 2885 786 2941; x_wconf 81' lang='lat' dir='ltr'><strong>cohaeret</strong></span> <span class='ocrx_word' id='word_1_227' title='bbox 799 2903 858 2941; x_wconf 89' lang='lat' dir='ltr'><strong>cum</strong></span> <span class='ocrx_word' id='word_1_228' title='bbox 877 2887 998 2959; x_wconf 79' lang='grc' dir='ltr'><strong><em>κρημνός</em></strong></span> <span class='ocrx_word' id='word_1_229' title='bbox 1017 2894 1075 2946; x_wconf 87' lang='lat' dir='ltr'><strong>sive</strong></span> <span class='ocrx_word' id='word_1_230' title='bbox 1092 2909 1152 2962; x_wconf 79' lang='grc' dir='ltr'><strong><em>αρε·</em></strong></span> 
     </span>
     <span class='ocr_line' id='line_1_26' title="bbox 53 2967 867 3042; baseline 0 -16"><span class='ocrx_word' id='word_1_231' title='bbox 53 2970 130 3042; x_wconf 84' lang='grc' dir='ltr'><strong><em>μνός,</em></strong></span> <span class='ocrx_word' id='word_1_232' title='bbox 151 2969 223 3039; x_wconf 88' lang='lat' dir='ltr'><strong>quod</strong></span> <span class='ocrx_word' id='word_1_233' title='bbox 241 2967 392 3038; x_wconf 85' lang='lat' dir='ltr'><strong>praeierunt</strong></span> <span class='ocrx_word' id='word_1_234' title='bbox 409 2967 572 3022; x_wconf 86' lang='lat' dir='ltr'><strong>Gramrrratici</strong></span> <span class='ocrx_word' id='word_1_235' title='bbox 593 2967 677 3022; x_wconf 85' lang='lat' dir='ltr'><strong>Crem.</strong></span> <span class='ocrx_word' id='word_1_236' title='bbox 696 2969 730 3022; x_wconf 88' lang='lat'><strong>11.</strong></span> <span class='ocrx_word' id='word_1_237' title='bbox 748 2969 806 3038; x_wconf 81' lang='grc'><strong>384,</strong></span> <span class='ocrx_word' id='word_1_238' title='bbox 827 2971 867 3026; x_wconf 86' lang='grc'><strong>12.</strong></span> 
     </span>
    </p>

    <p class='ocr_par' dir='ltr' id='par_1_5' title="bbox 51 3051 1153 3291">
     <span class='ocr_line' id='line_1_27' title="bbox 114 3051 1153 3122; baseline 0.009 -19"><span class='ocrx_word' id='word_1_239' title='bbox 114 3055 144 3122; x_wconf 75' lang='grc'><strong>4)</strong></span> <span class='ocrx_word' id='word_1_240' title='bbox 163 3051 277 3116; x_wconf 84' lang='grc' dir='ltr'><strong><em>Δαπάνη</em></strong></span> <span class='ocrx_word' id='word_1_241' title='bbox 298 3057 325 3107; x_wconf 86' lang='lat' dir='ltr'><strong>et</strong></span> <span class='ocrx_word' id='word_1_242' title='bbox 345 3051 464 3104; x_wconf 86' lang='lat' dir='ltr'><strong>damnum</strong></span> <span class='ocrx_word' id='word_1_243' title='bbox 483 3058 542 3104; x_wconf 91' lang='lat' dir='ltr'><strong>suut</strong></span> <span class='ocrx_word' id='word_1_244' title='bbox 559 3054 603 3120; x_wconf 87' lang='lat' dir='ltr'><strong>qui</strong></span> <span class='ocrx_word' id='word_1_245' title='bbox 622 3061 792 3120; x_wconf 75' lang='lat' dir='ltr'><strong>corruperunt,</strong></span> <span class='ocrx_word' id='word_1_246' title='bbox 811 3069 861 3110; x_wconf 84' lang='lat' dir='ltr'><strong>uec</strong></span> <span class='ocrx_word' id='word_1_247' title='bbox 879 3053 1036 3120; x_wconf 81' lang='lat' dir='ltr'><strong>repudiandi</strong></span> <span class='ocrx_word' id='word_1_248' title='bbox 1055 3055 1153 3112; x_wconf 87' lang='lat' dir='ltr'><strong>riden-</strong></span> 
     </span>
     <span class='ocr_line' id='line_1_28' title="bbox 51 3134 1152 3205; baseline 0.003 -11"><span class='ocrx_word' id='word_1_249' title='bbox 51 3147 98 3194; x_wconf 89' lang='lat' dir='ltr'><strong>ter.</strong></span> <span class='ocrx_word' id='word_1_250' title='bbox 133 3137 203 3193; x_wconf 87' lang='lat' dir='ltr'><strong>lttud</strong></span> <span class='ocrx_word' id='word_1_251' title='bbox 222 3137 372 3192; x_wconf 77' lang='grc' dir='ltr'><strong><em>Καπανέως</em></strong></span> <span class='ocrx_word' id='word_1_252' title='bbox 389 3134 475 3203; x_wconf 74' lang='grc' dir='ltr'><strong><em>δέμας</em></strong></span> <span class='ocrx_word' id='word_1_253' title='bbox 491 3135 643 3187; x_wconf 78' lang='grc' dir='ltr'><strong><em>καπνοῦται</em></strong></span> <span class='ocrx_word' id='word_1_254' title='bbox 660 3135 721 3190; x_wconf 84' lang='lat' dir='ltr'><strong>Eur.</strong></span> <span class='ocrx_word' id='word_1_255' title='bbox 751 3137 842 3205; x_wconf 86' lang='lat' dir='ltr'><strong>Suppl.</strong></span> <span class='ocrx_word' id='word_1_256' title='bbox 866 3138 925 3194; x_wconf 78' lang='grc'><strong>497.</strong></span> <span class='ocrx_word' id='word_1_257' title='bbox 955 3137 1063 3194; x_wconf 71' lang='lat' dir='ltr'><strong>forsitan</strong></span> <span class='ocrx_word' id='word_1_258' title='bbox 1085 3141 1152 3198; x_wconf 71' lang='lat' dir='ltr'><strong>Tra·</strong></span> 
     </span>
     <span class='ocr_line' id='line_1_29' title="bbox 53 3216 861 3291; baseline -0.004 -13"><span class='ocrx_word' id='word_1_259' title='bbox 53 3225 171 3291; x_wconf 84' lang='lat' dir='ltr'><strong>giemum</strong></span> <span class='ocrx_word' id='word_1_260' title='bbox 192 3223 365 3274; x_wconf 83' lang='lat' dir='ltr'><strong>commentum</strong></span> <span class='ocrx_word' id='word_1_261' title='bbox 379 3216 457 3273; x_wconf 83' lang='lat' dir='ltr'><strong>tuerit</strong></span> <span class='ocrx_word' id='word_1_262' title='bbox 474 3231 507 3274; x_wconf 84' lang='lat' dir='ltr'><strong>ex</strong></span> <span class='ocrx_word' id='word_1_263' title='bbox 525 3226 610 3287; x_wconf 81' lang='lat' dir='ltr'><strong>etymo</strong></span> <span class='ocrx_word' id='word_1_264' title='bbox 627 3217 731 3278; x_wconf 83' lang='grc' dir='ltr'><strong><em>καπνός</em></strong></span> <span class='ocrx_word' id='word_1_265' title='bbox 748 3220 861 3274; x_wconf 86' lang='lat' dir='ltr'><strong>ductum.</strong></span> 
     </span>
    </p>

    <p class='ocr_par' dir='ltr' id='par_1_6' title="bbox 52 3299 1155 3621">
     <span class='ocr_line' id='line_1_30' title="bbox 115 3299 1154 3373; baseline 0.008 -18"><span class='ocrx_word' id='word_1_266' title='bbox 115 3308 146 3372; x_wconf 84' lang='lat'><strong>5)</strong></span> <span class='ocrx_word' id='word_1_267' title='bbox 163 3299 286 3359; x_wconf 81' lang='grc' dir='ltr'><strong><em>Παιιλνός</em></strong></span> <span class='ocrx_word' id='word_1_268' title='bbox 311 3299 364 3351; x_wconf 75' lang='grc' dir='ltr'><strong>ἀπὸ</strong></span> <span class='ocrx_word' id='word_1_269' title='bbox 383 3300 432 3352; x_wconf 75' lang='grc' dir='ltr'><strong>τοῦ</strong></span> <span class='ocrx_word' id='word_1_270' title='bbox 450 3304 535 3363; x_wconf 82' lang='grc' dir='ltr'><strong><em>παίζω</em></strong></span> <span class='ocrx_word' id='word_1_271' title='bbox 555 3299 590 3360; x_wconf 83' lang='grc' dir='ltr'><strong>ὡς</strong></span> <span class='ocrx_word' id='word_1_272' title='bbox 609 3301 783 3363; x_wconf 75' lang='grc' dir='ltr'><strong><em>ιλλαπαιλνός,</em></strong></span> <span class='ocrx_word' id='word_1_273' title='bbox 810 3303 980 3373; x_wconf 67' lang='lat' dir='ltr'><strong>diomedeas,</strong></span> <span class='ocrx_word' id='word_1_274' title='bbox 1008 3306 1097 3362; x_wconf 83' lang='lat' dir='ltr'><strong>Schol.</strong></span> <span class='ocrx_word' id='word_1_275' title='bbox 1122 3309 1154 3362; x_wconf 91' lang='lat' dir='ltr'><strong>lt.</strong></span> 
     </span>
     <span class='ocr_line' id='line_1_31' title="bbox 52 3383 1154 3460; baseline -0.001 -18"><span class='ocrx_word' id='word_1_276' title='bbox 52 3389 79 3442; x_wconf 88' lang='lat' dir='ltr'><strong>V.</strong></span> <span class='ocrx_word' id='word_1_277' title='bbox 96 3389 156 3446; x_wconf 83' lang='grc'><strong>683.</strong></span> <span class='ocrx_word' id='word_1_278' title='bbox 173 3386 248 3442; x_wconf 86' lang='lat' dir='ltr'><strong>Eust.</strong></span> <span class='ocrx_word' id='word_1_279' title='bbox 268 3384 341 3450; x_wconf 84' lang='grc'><strong>1000,</strong></span> <span class='ocrx_word' id='word_1_280' title='bbox 361 3383 386 3438; x_wconf 89' lang='grc'><strong>4.</strong></span> <span class='ocrx_word' id='word_1_281' title='bbox 418 3384 515 3440; x_wconf 88' lang='lat' dir='ltr'><strong>Verum</strong></span> <span class='ocrx_word' id='word_1_282' title='bbox 533 3385 600 3441; x_wconf 83' lang='lat' dir='ltr'><strong>haee</strong></span> <span class='ocrx_word' id='word_1_283' title='bbox 618 3402 632 3440; x_wconf 86' lang='lat' dir='ltr'><strong>a</strong></span> <span class='ocrx_word' id='word_1_284' title='bbox 649 3388 789 3455; x_wconf 81' lang='lat' dir='ltr'><strong>paragegis</strong></span> <span class='ocrx_word' id='word_1_285' title='bbox 808 3387 885 3442; x_wconf 86' lang='lat' dir='ltr'><strong>tiucta</strong></span> <span class='ocrx_word' id='word_1_286' title='bbox 901 3395 960 3444; x_wconf 87' lang='lat' dir='ltr'><strong>sunt</strong></span> <span class='ocrx_word' id='word_1_287' title='bbox 976 3395 1034 3445; x_wconf 85' lang='lat' dir='ltr'><strong>uta</strong></span> <span class='ocrx_word' id='word_1_288' title='bbox 1052 3395 1154 3460; x_wconf 81' lang='grc' dir='ltr'><strong><em>κομίζω</em></strong></span> 
     </span>
     <span class='ocr_line' id='line_1_32' title="bbox 52 3467 1155 3542; baseline 0.005 -19"><span class='ocrx_word' id='word_1_289' title='bbox 52 3470 160 3540; x_wconf 75' lang='grc' dir='ltr'><strong><em>κομιδή,</em></strong></span> <span class='ocrx_word' id='word_1_290' title='bbox 179 3469 229 3525; x_wconf 86' lang='lat' dir='ltr'><strong>sed</strong></span> <span class='ocrx_word' id='word_1_291' title='bbox 247 3482 263 3522; x_wconf 85' lang='lat' dir='ltr'><strong>a</strong></span> <span class='ocrx_word' id='word_1_292' title='bbox 280 3469 365 3528; x_wconf 81' lang='grc' dir='ltr'><strong><em>παίζω</em></strong></span> <span class='ocrx_word' id='word_1_293' title='bbox 383 3468 406 3522; x_wconf 92' lang='lat' dir='ltr'><strong>si</strong></span> <span class='ocrx_word' id='word_1_294' title='bbox 427 3467 521 3524; x_wconf 86' lang='lat' dir='ltr'><strong>Graeci</strong></span> <span class='ocrx_word' id='word_1_295' title='bbox 541 3469 704 3526; x_wconf 83' lang='lat' dir='ltr'><strong>derivasseut</strong></span> <span class='ocrx_word' id='word_1_296' title='bbox 724 3469 889 3539; x_wconf 80' lang='lat' dir='ltr'><strong>adjectivum,</strong></span> <span class='ocrx_word' id='word_1_297' title='bbox 907 3471 935 3525; x_wconf 89' lang='lat' dir='ltr'><strong>id</strong></span> <span class='ocrx_word' id='word_1_298' title='bbox 953 3471 1069 3542; x_wconf 78' lang='grc' dir='ltr'><strong><em>παιγνός</em></strong></span> <span class='ocrx_word' id='word_1_299' title='bbox 1087 3473 1155 3530; x_wconf 83' lang='lat' dir='ltr'><strong>toret</strong></span> 
     </span>
     <span class='ocr_line' id='line_1_33' title="bbox 53 3547 357 3621; baseline -0.026 -13"><span class='ocrx_word' id='word_1_300' title='bbox 53 3561 78 3610; x_wconf 76' lang='lat' dir='ltr'><strong>lti</strong></span> <span class='ocrx_word' id='word_1_301' title='bbox 94 3555 126 3610; x_wconf 80' lang='lat' dir='ltr'><strong>ub</strong></span> <span class='ocrx_word' id='word_1_302' title='bbox 145 3553 248 3621; x_wconf 77' lang='grc' dir='ltr'><strong><em>ἅζομαι</em></strong></span> <span class='ocrx_word' id='word_1_303' title='bbox 265 3547 357 3618; x_wconf 76' lang='grc' dir='ltr'><strong><em>ἁγνός.</em></strong></span> 
     </span>
    </p>

    <p class='ocr_par' dir='ltr' id='par_1_7' title="bbox 54 3631 1156 4206">
     <span class='ocr_line' id='line_1_34' title="bbox 115 3631 1154 3708; baseline 0.004 -20"><span class='ocrx_word' id='word_1_304' title='bbox 115 3637 145 3705; x_wconf 84' lang='grc'><strong>6)</strong></span> <span class='ocrx_word' id='word_1_305' title='bbox 164 3631 300 3705; x_wconf 79' lang='grc' dir='ltr'><strong><em>Στρωμνὴ</em></strong></span> <span class='ocrx_word' id='word_1_306' title='bbox 318 3649 334 3688; x_wconf 92' lang='lat' dir='ltr'><strong>a</strong></span> <span class='ocrx_word' id='word_1_307' title='bbox 350 3632 454 3703; x_wconf 76' lang='grc' dir='ltr'><strong><em>βρώμη,</em></strong></span> <span class='ocrx_word' id='word_1_308' title='bbox 468 3633 581 3704; x_wconf 72' lang='grc' dir='ltr'><strong><em>γνώμη,</em></strong></span> <span class='ocrx_word' id='word_1_309' title='bbox 600 3635 692 3708; x_wconf 80' lang='grc' dir='ltr'><strong><em>τρώμη</em></strong></span> <span class='ocrx_word' id='word_1_310' title='bbox 708 3635 794 3692; x_wconf 80' lang='lat' dir='ltr'><strong>differt</strong></span> <span class='ocrx_word' id='word_1_311' title='bbox 806 3637 876 3706; x_wconf 89' lang='lat' dir='ltr'><strong>qued</strong></span> <span class='ocrx_word' id='word_1_312' title='bbox 890 3639 1059 3693; x_wconf 86' lang='lat' dir='ltr'><strong>substantiam</strong></span> <span class='ocrx_word' id='word_1_313' title='bbox 1066 3640 1154 3706; x_wconf 83' lang='lat' dir='ltr'><strong>sigui-</strong></span> 
     </span>
     <span class='ocr_line' id='line_1_35' title="bbox 54 3719 1154 3791; baseline 0.001 -18"><span class='ocrx_word' id='word_1_314' title='bbox 54 3719 110 3776; x_wconf 87' lang='lat' dir='ltr'><strong>icat</strong></span> <span class='ocrx_word' id='word_1_315' title='bbox 127 3721 214 3774; x_wconf 89' lang='lat' dir='ltr'><strong>seium</strong></span> <span class='ocrx_word' id='word_1_316' title='bbox 238 3732 290 3771; x_wconf 88' lang='lat' dir='ltr'><strong>rrou</strong></span> <span class='ocrx_word' id='word_1_317' title='bbox 316 3719 460 3787; x_wconf 80' lang='lat' dir='ltr'><strong>astionem,</strong></span> <span class='ocrx_word' id='word_1_318' title='bbox 486 3734 572 3787; x_wconf 82' lang='lat' dir='ltr'><strong>neque</strong></span> <span class='ocrx_word' id='word_1_319' title='bbox 597 3722 693 3774; x_wconf 89' lang='lat' dir='ltr'><strong>scimus</strong></span> <span class='ocrx_word' id='word_1_320' title='bbox 719 3727 802 3774; x_wconf 89' lang='lat' dir='ltr'><strong>utrum</strong></span> <span class='ocrx_word' id='word_1_321' title='bbox 820 3723 976 3790; x_wconf 85' lang='lat' dir='ltr'><strong>primitivum</strong></span> <span class='ocrx_word' id='word_1_322' title='bbox 997 3724 1031 3776; x_wconf 93' lang='lat' dir='ltr'><strong>sit</strong></span> <span class='ocrx_word' id='word_1_323' title='bbox 1050 3722 1154 3791; x_wconf 84' lang='grc' dir='ltr'><strong><em>στρώνη</em></strong></span> 
     </span>
     <span class='ocr_line' id='line_1_36' title="bbox 55 3800 1154 3874; baseline 0.002 -17"><span class='ocrx_word' id='word_1_324' title='bbox 55 3811 80 3859; x_wconf 90' lang='lat' dir='ltr'><strong>ut</strong></span> <span class='ocrx_word' id='word_1_325' title='bbox 98 3803 181 3868; x_wconf 81' lang='grc' dir='ltr'><strong><em>ζώνη,</em></strong></span> <span class='ocrx_word' id='word_1_326' title='bbox 199 3800 307 3872; x_wconf 79' lang='grc' dir='ltr'><strong><em>γρώνη,</em></strong></span> <span class='ocrx_word' id='word_1_327' title='bbox 327 3801 435 3870; x_wconf 82' lang='grc' dir='ltr'><strong><em>σμώνη,</em></strong></span> <span class='ocrx_word' id='word_1_328' title='bbox 462 3817 494 3857; x_wconf 88' lang='lat' dir='ltr'><strong>arr</strong></span> <span class='ocrx_word' id='word_1_329' title='bbox 517 3805 587 3872; x_wconf 89' lang='lat' dir='ltr'><strong>quod</strong></span> <span class='ocrx_word' id='word_1_330' title='bbox 606 3804 684 3871; x_wconf 82' lang='lat' dir='ltr'><strong>vulgo</strong></span> <span class='ocrx_word' id='word_1_331' title='bbox 703 3806 812 3858; x_wconf 89' lang='lat' dir='ltr'><strong>sumitur</strong></span> <span class='ocrx_word' id='word_1_332' title='bbox 830 3803 949 3874; x_wconf 78' lang='grc' dir='ltr'><strong>στηώμη.</strong></span> <span class='ocrx_word' id='word_1_333' title='bbox 985 3806 1024 3860; x_wconf 78' lang='lat' dir='ltr'><strong>ite</strong></span> <span class='ocrx_word' id='word_1_334' title='bbox 1043 3812 1154 3862; x_wconf 82' lang='lat' dir='ltr'><strong>accentu</strong></span> 
     </span>
     <span class='ocr_line' id='line_1_37' title="bbox 57 3873 1155 3958; baseline -0.003 -17"><span class='ocrx_word' id='word_1_335' title='bbox 57 3887 135 3941; x_wconf 76' lang='lat' dir='ltr'><strong>Crem.</strong></span> <span class='ocrx_word' id='word_1_336' title='bbox 150 3887 171 3940; x_wconf 92' lang='lat' dir='ltr'><strong>l.</strong></span> <span class='ocrx_word' id='word_1_337' title='bbox 187 3885 229 3941; x_wconf 87' lang='grc'><strong>48.</strong></span> <span class='ocrx_word' id='word_1_338' title='bbox 249 3884 283 3936; x_wconf 78' lang='grc' dir='ltr'><strong>τὰ</strong></span> <span class='ocrx_word' id='word_1_339' title='bbox 301 3886 340 3943; x_wconf 78' lang='grc' dir='ltr'><strong>εἰς</strong></span> <span class='ocrx_word' id='word_1_340' title='bbox 359 3873 398 3950; x_wconf 45' lang='lat' dir='ltr'><strong>a]</strong></span> <span class='ocrx_word' id='word_1_341' title='bbox 407 3887 466 3954; x_wconf 78' lang='grc' dir='ltr'><strong><em>μετ’</em></strong></span> <span class='ocrx_word' id='word_1_342' title='bbox 486 3885 630 3952; x_wconf 75' lang='grc' dir='ltr'><strong><em>ἐπιπλοκῆς</em></strong></span> <span class='ocrx_word' id='word_1_343' title='bbox 642 3884 788 3958; x_wconf 77' lang='grc' dir='ltr'><strong><em>βαρύνεται</em></strong></span> <span class='ocrx_word' id='word_1_344' title='bbox 805 3889 904 3957; x_wconf 78' lang='grc' dir='ltr'><strong><em>ὄρφνη,</em></strong></span> <span class='ocrx_word' id='word_1_345' title='bbox 920 3889 1008 3958; x_wconf 84' lang='grc' dir='ltr'><strong><em>λίμνη·</em></strong></span> <span class='ocrx_word' id='word_1_346' title='bbox 1030 3887 1059 3941; x_wconf 83' lang='grc' dir='ltr'><strong>τὸ</strong></span> <span class='ocrx_word' id='word_1_347' title='bbox 1079 3887 1155 3956; x_wconf 62' lang='lat' dir='ltr'><strong>rixari</strong></span> 
     </span>
     <span class='ocr_line' id='line_1_38' title="bbox 57 3967 1152 4040; baseline 0.003 -18"><span class='ocrx_word' id='word_1_348' title='bbox 57 3970 96 4024; x_wconf 76' lang='grc' dir='ltr'><strong>ἐπὶ</strong></span> <span class='ocrx_word' id='word_1_349' title='bbox 113 3972 244 4039; x_wconf 77' lang='grc' dir='ltr'><strong><em>ἄκμονος·</em></strong></span> <span class='ocrx_word' id='word_1_350' title='bbox 263 3969 414 4020; x_wconf 72' lang='grc' dir='ltr'><strong><em>ἀντιπίπτει</em></strong></span> <span class='ocrx_word' id='word_1_351' title='bbox 438 3968 468 4020; x_wconf 87' lang='grc' dir='ltr'><strong>τὸ</strong></span> <span class='ocrx_word' id='word_1_352' title='bbox 486 3969 615 4040; x_wconf 74' lang='grc' dir='ltr'><strong><em>στρωμνή</em></strong></span> <span class='ocrx_word' id='word_1_353' title='bbox 638 3971 684 4022; x_wconf 77' lang='grc' dir='ltr'><strong><em>καὶ</em></strong></span> <span class='ocrx_word' id='word_1_354' title='bbox 707 3969 788 4039; x_wconf 75' lang='grc' dir='ltr'><strong><em>ι’σχνῆ</em></strong></span> <span class='ocrx_word' id='word_1_355' title='bbox 805 3974 852 4023; x_wconf 78' lang='grc' dir='ltr'><strong><em>καὶ</em></strong></span> <span class='ocrx_word' id='word_1_356' title='bbox 867 3967 960 4040; x_wconf 65' lang='lat' dir='ltr'><strong>&#39;lapsi</strong></span> <span class='ocrx_word' id='word_1_357' title='bbox 980 3970 1056 4029; x_wconf 82' lang='grc' dir='ltr'><strong><em>πόλις</em></strong></span> <span class='ocrx_word' id='word_1_358' title='bbox 1073 3971 1152 4026; x_wconf 85' lang='lat' dir='ltr'><strong>scrib.</strong></span> 
     </span>
     <span class='ocr_line' id='line_1_39' title="bbox 57 4050 1156 4124; baseline 0.003 -20"><span class='ocrx_word' id='word_1_359' title='bbox 57 4053 84 4106; x_wconf 78' lang='grc' dir='ltr'><strong>τὸ</strong></span> <span class='ocrx_word' id='word_1_360' title='bbox 101 4051 174 4122; x_wconf 77' lang='grc' dir='ltr'><strong><em>ἄμνή</em></strong></span> <span class='ocrx_word' id='word_1_361' title='bbox 199 4050 254 4104; x_wconf 78' lang='grc' dir='ltr'><strong>ἀπὸ</strong></span> <span class='ocrx_word' id='word_1_362' title='bbox 272 4051 321 4102; x_wconf 75' lang='grc' dir='ltr'><strong>τοῦ</strong></span> <span class='ocrx_word' id='word_1_363' title='bbox 340 4053 443 4119; x_wconf 77' lang='grc' dir='ltr'><strong><em>ἄμενος</em></strong></span> <span class='ocrx_word' id='word_1_364' title='bbox 461 4052 500 4119; x_wconf 85' lang='lat' dir='ltr'><strong>(td</strong></span> <span class='ocrx_word' id='word_1_365' title='bbox 520 4059 561 4108; x_wconf 82' lang='lat' dir='ltr'><strong>esi</strong></span> <span class='ocrx_word' id='word_1_366' title='bbox 578 4051 682 4122; x_wconf 76' lang='grc' dir='ltr'><strong><em>ἀμενης</em></strong></span> <span class='ocrx_word' id='word_1_367' title='bbox 699 4068 724 4108; x_wconf 80' lang='lat' dir='ltr'><strong>v.</strong></span> <span class='ocrx_word' id='word_1_368' title='bbox 743 4053 800 4110; x_wconf 81' lang='grc' dir='ltr'><strong>ΕΜ.</strong></span> <span class='ocrx_word' id='word_1_369' title='bbox 817 4055 860 4124; x_wconf 83' lang='grc'><strong>84,</strong></span> <span class='ocrx_word' id='word_1_370' title='bbox 877 4055 934 4123; x_wconf 83' lang='grc'><strong>30.)</strong></span> <span class='ocrx_word' id='word_1_371' title='bbox 953 4053 1040 4124; x_wconf 55' lang='grc' dir='ltr'><strong><em>ἇηανός</em></strong></span> <span class='ocrx_word' id='word_1_372' title='bbox 1058 4085 1088 4095; x_wconf 90' lang='grc'>-</span> <span class='ocrx_word' id='word_1_373' title='bbox 1109 4058 1156 4108; x_wconf 78' lang='grc' dir='ltr'><strong><em>καὶ</em></strong></span> 
     </span>
     <span class='ocr_line' id='line_1_40' title="bbox 55 4132 699 4206; baseline 0.005 -20"><span class='ocrx_word' id='word_1_374' title='bbox 55 4135 123 4206; x_wconf 79' lang='grc' dir='ltr'><strong><em>Ἰχνή</em></strong></span> <span class='ocrx_word' id='word_1_375' title='bbox 141 4136 190 4188; x_wconf 84' lang='grc' dir='ltr'><strong><em>καὶ</em></strong></span> <span class='ocrx_word' id='word_1_376' title='bbox 203 4132 281 4203; x_wconf 60' lang='lat' dir='ltr'><strong>&#39;llari</strong></span> <span class='ocrx_word' id='word_1_377' title='bbox 298 4132 382 4196; x_wconf 84' lang='grc' dir='ltr'><strong><em>πόλις,</em></strong></span> <span class='ocrx_word' id='word_1_378' title='bbox 402 4136 470 4194; x_wconf 78' lang='lat' dir='ltr'><strong>unde</strong></span> <span class='ocrx_word' id='word_1_379' title='bbox 489 4139 572 4205; x_wconf 76' lang='grc' dir='ltr'><strong><em>Θέμις</em></strong></span> <span class='ocrx_word' id='word_1_380' title='bbox 584 4137 699 4206; x_wconf 81' lang='grc' dir='ltr'><strong><em>Ἰχναία.</em></strong></span> 
     </span>
    </p>

    <p class='ocr_par' dir='ltr' id='par_1_8' title="bbox 90 4223 951 4300">
     <span class='ocr_line' id='line_1_41' title="bbox 90 4223 951 4300; baseline 0.006 -15"><span class='ocrx_word' id='word_1_381' title='bbox 90 4238 198 4287; x_wconf 76' lang='lat' dir='ltr'><strong>erbeck.</strong></span> <span class='ocrx_word' id='word_1_382' title='bbox 217 4235 355 4300; x_wconf 74' lang='lat' dir='ltr'><strong>Puttetag.</strong></span> <span class='ocrx_word' id='word_1_383' title='bbox 913 4223 951 4290; x_wconf 79' lang='grc'><strong>16</strong></span> 
     </span>
    </p>
   </div>
   <div class='ocr_carea' id='block_1_5' title="bbox 0 0 1407 4994">
    <p class='ocr_par' dir='ltr' id='par_1_9' title="bbox 0 0 1407 4994">
     <span class='ocr_line' id='line_1_42' title="bbox 0 0 1407 4994; baseline 0 0"><span class='ocrx_word' id='word_1_384' title='bbox 0 0 1407 4994; x_wconf 95' lang='lat' dir='ltr'><strong> </strong></span> 
     </span>
    </p>
   </div>
  </div>
 </body>
</html>
