2750 4994
199 263 267 332 ΒΟ
554 257 878 326 nissaurnuio
909 260 945 324 11.

201 443 395 508 emersum,
416 423 499 508 quoa
520 427 620 509 ipsum
640 425 762 507 quidem
784 441 803 490 a
821 425 1065 507 lexicographis
1077 427 1200 490 nostris
1219 443 1311 507 prae-

203 525 325 590 teritam
346 533 395 590 est
415 543 516 610 neque
540 525 612 590 aiibi
632 526 744 605 legitur
764 541 855 607 qoam
877 523 960 606 apud
980 523 1159 588 nomam
1176 525 1313 606 Empiri-

204 639 273 688 eum
300 629 332 688 ei
358 617 476 692 merline
496 625 671 690 Latinitatis
692 631 839 689 auctores
867 625 1007 686 romanie
1027 623 1185 704 scriptura
1215 623 1314 686 neila

206 723 315 788 ascilla
336 741 362 790 r.
384 725 431 790 ila
448 723 541 804 cong.
568 722 624 788 sed
644 723 778 786 torsitan
799 723 903 786 multis
926 727 998 786 aute
1019 721 1135 784 seculis
1155 721 1189 784 iu
1210 721 1315 786 tuber·

206 821 255 886 uis
277 829 308 886 et
328 823 498 906 gurgustiis
512 820 700 886 colematum
723 827 790 901 est;
811 829 977 903 manetque
996 822 1155 886 innostro
1171 837 1317 886 sermono

206 921 237 984 ei
266 921 373 986 nescio
404 937 443 984 au
469 919 617 986 vindicari
646 920 750 1001 possit
779 935 903 1002 graeco
959 919 1081 984 Etenim
1107 922 1317 1003 aoruunnuiae,

207 1018 320 1102 quibus
343 1020 485 1084 sarcinae
507 1019 655 1100 religatae
676 1025 849 1102 portantur,
870 1033 984 1099 graece
997 1013 1317 1083 dicuuturitorvau²⁴

209 1118 292 1202 quoti
314 1135 370 1202 pro
393 1113 497 1198 ἄξιλλα
518 1119 712 1183 successisse
734 1119 906 1199 coniicias3
940 1118 1001 1181 iuoc
1026 1125 1129 1181 autem
1154 1118 1195 1181 ah
1226 1115 1319 1201 ἅκχος

212 1217 380 1284 derivatum
406 1215 438 1282 iil
466 1221 515 1282 ost
545 1205 629 1299 ὦμος
647 1218 721 1282 Hes.
751 1216 835 1299 quod
862 1217 988 1299 propria
1014 1223 1173 1280 rectorem
1198 1219 1318 1298 signiti-

213 1331 306 1382 casae
333 1315 473 1398 oinium
507 1314 588 1380 unde
622 1317 827 1398 compositum
850 1309 1018 1398 ἆκχαλλβαρ
1044 1310 1221 1397 πράββπος
1247 1318 1317 1382 lies.

213 1415 274 1480 iuoo
303 1421 351 1478 est
378 1417 599 1497 νεκροφορεῖον
624 1413 739 1478 lectica
765 1414 919 1494 tunebris3
947 1421 978 1478 ct
1005 1431 1062 1495 per
1082 1415 1319 1480 translationem

213 1511 370 1580 humerum
393 1519 454 1578 tum
478 1513 679 1596 superiorem,
702 1513 751 1577 cui
773 1529 870 1576 onera
889 1514 1085 1596 imponimus,
1103 1519 1167 1576 ium
1186 1514 1320 1578 inierin-

213 1625 288 1696 rcm,
310 1613 358 1678 cui
380 1627 459 1694 quaa
481 1609 607 1676 terenda
629 1619 701 1676 suut
721 1610 942 1692 subponimus3
964 1627 1055 1693 quam
1068 1617 1234 1692 utramque
1247 1629 1322 1694 par-

215 1717 275 1775 tem
298 1709 427 1776 Romani
457 1709 536 1776 aiam
562 1717 693 1794 vocant,
723 1709 833 1775 Graeci
853 1711 1035 1792 praeposita
1055 1709 1146 1774 litera
1164 1707 1274 1794 μύλην
1293 1721 1322 1776 et
1356 1728 1357 1792 1

212 1803 387 1892 μασχάλην,
423 1825 493 1874 uam
522 1815 553 1874 et
577 1806 737 1892 μασχάλην
764 1808 861 1890 αἴρειν
889 1809 994 1874 dicunt
1022 1808 1131 1873 eodem
1158 1810 1322 1874 intellectu
1357 1822 1358 1874 1

214 1923 275 1992 quo
287 1907 332 1972 1111
347 1923 461 1972 monce
476 1908 620 1974 toliere²⁵
640 1915 671 1973 et
691 1902 755 1973 ὑπὸ
776 1903 874 1991 μάλης
886 1903 1032 1990 φὲρεινέΰ
1059 1907 1138 1970 Hine
1152 1923 1322 1989 argumeu-
1358 1914 1359 1966 i

215 2014 265 2073 tor
292 2004 420 2088 stirpem
449 2005 557 2072 horum
583 2008 806 2073 uocabulorum
841 2005 1006 2071 edualus
1038 2013 1185 2070 constare
1212 2008 1323 2092 literis,
1359 2008 1360 2036 ³

215 2104 317 2170 vocali
344 2105 482 2170 mutabili
509 2112 540 2171 ot
568 2121 709 2170 consona
735 2105 812 2189 ilua,
847 2105 1101 2185 significationem
1123 2112 1228 2172 autem
1252 2123 1324 2172 esse
1360 2100 1361 2122 ¹

217 2219 284 2271 eam
306 2221 396 2286 quam
419 2219 514 2287 snpra
533 2202 665 2267 indicavi
686 2203 808 2268 iareudi
826 2210 856 2268 et
877 2202 1017 2288 vehendi,
1040 2219 1172 2285 eamque·
1191 2207 1323 2285 primum
1361 2192 1362 2222 ¹

217 2320 368 2387 apparere
388 2303 420 2366 iu
441 2298 515 2384 ἄχος
535 2308 566 2366 11
584 2297 682 2384 ἄχθος
703 2319 792 2386 onus,
813 2309 877 2367 tum
897 2304 929 2367 iu
950 2296 1057 2385 ὀχλεύς
1078 2309 1109 2366 et
1129 2299 1247 2384 μοχλός
1267 2321 1323 2369 ve-

218 2403 288 2486 ciis,
309 2408 467 2485 postremo
489 2403 521 2466 in
542 2399 634 2466 axilla
656 2397 861 2485 11μασχά1η,
888 2419 1018 2484 quorum
1039 2409 1203 2483 uirumque
1224 2404 1324 2485 sigma

217 2502 352 2584 recepit,
385 2499 513 2564 altorum
534 2507 606 2564 ante
626 2499 782 2584 vocalem,
809 2501 937 2566 alterum
959 2507 1033 2583 post
1055 2517 1131 2564 eam.
1172 2501 1242 2565 Nec
1260 2506 1324 2583 jam

219 2601 302 2666 dictu
324 2615 403 2681 opus
425 2597 462 2662 tle
484 2599 533 2662 ala
555 2605 586 2664 et
605 2593 686 2683 μάλη
706 2599 778 2682 quid
800 2601 939 2665 seutiam.
981 2598 1161 2680 Quanquam
1184 2616 1251 2663 nou
1269 2619 1325 2665 ea-

221 2697 288 2764 dem
310 2697 542 2762 asseveratione
564 2696 602 2763 tle
629 2704 761 2779 utroque
789 2699 910 2781 loquor.
951 2697 1029 2762 Nam
1055 2698 1161 2778 graeci
1187 2702 1325 2764 nominis

220 2794 393 2878 explicandi
421 2795 499 2860 ratio
529 2796 620 2861 unica
646 2798 784 2877 suppetit
803 2796 873 2879 illa,
901 2811 962 2877 qua
982 2811 1058 2858 usus
1081 2811 1166 2875 sum;
1185 2797 1325 2863 vlatinum

221 2911 240 2959 a
267 2893 363 2958 verbo
391 2889 437 2956 ἅω
459 2929 499 2940 -
520 2887 619 2977 ἀητέω
648 2895 720 2958 ocio
749 2897 848 2976 repeti
875 2900 980 2976 potest
1008 2895 1054 2957 sic
1081 2901 1114 2957 ut
1141 2892 1326 2972 aristionis

221 2994 296 3058 aies.
338 2993 402 3058 Nec
424 2993 726 3074 praetermittendum
747 2991 830 3073 quod
848 2990 919 3056 huic
934 2991 1026 3074 alpina
1039 2995 1164 3074 longum
1178 3004 1229 3059 est
1244 3014 1326 3061 con-

221 3084 329 3157 tractis
352 3092 482 3155 iorsltau
502 3090 599 3157 literis
615 3109 694 3174 quae
706 3093 737 3154 iu
751 3092 877 3173 proprio
892 3091 1028 3155 Ahala²⁷
1040 3091 1214 3173 disjunctae
1234 3114 1326 3162 ccm-

287 3371 333 3440 21)
357 3371 470 3440 Hesych.
489 3375 595 3442 Φερνία
616 3370 733 3432 ‹totilas›
752 3377 780 3425 ut
797 3373 910 3426 correxit
928 3371 1149 3429 Homsicrhusius.

287 3472 333 3541 25)
355 3470 412 3526 Hoc
433 3473 618 3528 exsultantium
643 3477 697 3537 est;
721 3473 805 3524 mim
821 3472 909 3524 teum
924 3478 948 3524 et
965 3472 1031 3524 sicia
1047 3471 1085 3524 cii
1101 3471 1185 3526 Lnoil.
1204 3474 1285 3529 Nouii
1304 3490 1325 3530 s.

219 3560 324 3623 1111111,
341 3568 427 3610 memo
444 3557 628 3623 appetentium.

288 3658 334 3724 26)
358 3654 413 3713 Τὰς
428 3653 519 3724 radios
539 3654 630 3710 Galen.
656 3655 682 3710 iit
699 3652 820 3721 Epidem.
841 3651 884 3708 vl.
904 3651 996 3708 c.1v.
1017 3654 1073 3710 151.
1094 3653 1122 3708 ’1.
1141 3652 1220 3708 xvii.
1240 3655 1270 3710 P.
1292 3658 1326 3712 11.

222 3743 271 3799 sed
288 3740 369 3796 liuius
394 3739 427 3793 (11
454 3737 521 3792 Pari.
540 3737 615 3791 Hom.
639 3753 665 3805 p.
690 3737 732 3793 22.
754 3735 827 3804 μάλη
847 3735 899 3804 οὐχ
918 3735 1071 3800 aliquanto·
1090 3735 1167 3790 τὸδὲ
1188 3741 1287 3807 φέρειν
1303 3758 1328 3791 τι

223 3824 375 3895 κρύπτοντα
393 3820 423 3875 ἐν
440 3820 474 3890 τῇ
489 3819 619 3889 μασχάλῃ
636 3817 688 3871 ὑπὸ
705 3817 794 3888 μάλης
811 3820 885 3888 ἔχειν
901 3820 1017 3888 λέγεται.
1052 3820 1097 3874 sio
1117 3820 1248 3876 11811101.
1269 3822 1327 3877 Ba.

222 3924 276 3964 var.
294 3908 327 3962 ad
346 3902 480 3962 Demostlu.
500 3917 524 3970 p.
544 3905 600 3959 107.
617 3902 704 3957 Schol.
721 3902 787 3957 Piat.
805 3903 864 3960 aar.
883 3917 908 3958 r.
927 3902 959 3957 ad
971 3902 1063 3970 Phryu.
1085 3903 1143 3962 196.

289 4006 334 4074 21)
358 4005 449 4060 Simile
472 4007 512 4058 est
536 4001 679 4058 Numeuiae
705 4003 795 4070 gentis
815 4016 961 4070 cognomen
983 4001 1063 4056 Vaaia
1087 4003 1144 4060 siue
1165 4004 1231 4060 Vaia
1254 4005 1328 4074 qnod

221 4089 363 4144 Eciheiius
381 4089 468 4142 Doctr.
486 4085 516 4140 V.
533 4086 592 4142 263.
613 4101 627 4141 a
644 4085 713 4140 uallo
735 4091 883 4154 expugnato
901 4085 1010 4141 inditum
1029 4090 1111 4154 potat.
