2770 4992
195 275 242 344 58
556 267 880 336 bissnltunbto
916 269 937 333 1.

195 441 293 522 piaots
315 438 452 503 citharae
474 435 594 518 similis,
615 451 634 498 a
655 429 749 517 ληνός
764 433 868 516 Ληναλ
887 453 915 498 v.
934 431 1060 497 Jaoobs.
1082 429 1121 496 ad
1133 429 1224 494 Antii.
1239 427 1303 494 Pal.

195 537 266 606 875.
289 555 308 606 a
328 531 462 619 Καβηβη
484 528 632 616 Κύβηβος
644 528 663 596 ὁ
676 530 878 615 κατεχόμενος
891 535 930 617 τῇ
939 525 1018 618 Ῥέη
1030 531 1117 594 Eust.
1133 528 1222 610 1431,
1237 528 1306 592 cll.5

197 655 216 702 a
237 635 392 718 pandura,
418 633 645 714 ut-llesyobius
675 633 841 713 signifieat,
865 624 1082 712 πάνδουροςὸ
1108 623 1305 711 μεταχειριζό-

196 757 288 820 μενος
306 728 344 798 τὸ
364 730 510 816 ὄργανον,
533 731 572 798 al)
594 731 664 796 avio
688 733 790 815 Φοίβη
810 731 924 814 Apollo
950 731 1077 812 Φοῖβος,
1099 730 1127 793 si
1145 724 1303 804 Aeschylo

97 898 102 906 .
196 837 332 919 odimus,
354 837 443 913 eujuus
471 833 656 903 auotoritate
681 831 742 896 boo
769 848 883 896 nornen
903 833 982 895 inter
1002 821 1230 913 μαμμωνυμικοὶ
1249 841 1305 887 re-

197 937 295 1004 tertur
316 933 420 1000 Sobol.
442 932 475 995 B.
498 929 537 1007 ad
557 931 590 996 ll.
611 931 633 995 i.
653 931 703 995 43.
726 931 977 1012 (transscripturn
991 923 1304 1002 enHeraolid..tlleg.

196 1034 259 1109 vti
280 1032 346 1114 23.)
367 1038 398 1096 et
418 1031 518 1109 noym.
543 1028 617 1094 Gud.
640 1029 711 1095 555.
732 1047 752 1093 a
773 1037 891 1095 struma
912 1037 1047 1095 strumus
1069 1026 1179 1107 herba,
1208 1039 1227 1086 a
1254 1020 1306 1084 la-

197 1138 283 1198 uerta
310 1131 445 1194 lacertus
467 1145 541 1209 pars
568 1128 686 1192 braobii
713 1130 908 1214 musculosa,
942 1148 961 1194 a
987 1129 1105 1193 neutris
1134 1120 1307 1187 masculina

197 1236 230 1296 et
251 1230 395 1294 feminina
415 1221 591 1310 βάραθρος,
619 1222 798 1309 φαρμακός,
827 1223 956 1313 ἀχυρός,
979 1229 1018 1293 ab
1037 1236 1169 1304 utroque
1190 1235 1307 1302 genere

198 1335 318 1412 neutra,
338 1334 372 1392 ut
391 1345 410 1391 a
429 1325 493 1407 pila
507 1320 628 1409 (ὅλμος)
649 1328 743 1408 pilnnr
764 1323 917 1413 (ὕπερον),
939 1328 1070 1392 avallus
1093 1325 1200 1406 (varus
1214 1317 1305 1398 vara)

196 1426 327 1510 uallum,
358 1427 405 1490 sio
426 1426 465 1490 alt
485 1416 624 1509 ἠλακάτη
651 1419 788 1508 ἠλάκατα
807 1422 846 1490 τδι
871 1424 940 1508 περὶ
964 1422 1024 1508 τὴν
1048 1418 1206 1507 ἠλακάτην
1226 1413 1306 1500 ἔρια,

199 1544 219 1594 a
238 1521 371 1609 κέραμος
390 1519 525 1606 κέραμον
547 1541 626 1607 opus
648 1526 792 1610 figlinum,
814 1544 833 1589 a
854 1521 989 1606 σπέρτος
1008 1517 1146 1603 οπλρτον
1165 1511 1201 1580 τὸ
1222 1529 1307 1597 σχοι-

198 1626 269 1690 νίον
290 1625 393 1691 Sobol.
415 1625 486 1690 Eur.
507 1623 557 1689 Or.
578 1623 648 1690 526.
670 1624 753 1707 quod
774 1634 805 1691 ot
825 1621 945 1707 οτάρτη
966 1623 1085 1688 dioitur.
1118 1622 1165 1684 Ao
1187 1618 1215 1682 si
1235 1617 1306 1679 iru-

200 1727 270 1792 tieis
292 1741 404 1790 nomen
426 1725 584 1804 posterius
607 1730 656 1788 est
678 1742 773 1806 opero
795 1725 865 1788 bine
886 1725 1041 1805 oonlooto,
1063 1725 1148 1784 uerte
1167 1705 1247 1780 οὖσα
1265 1709 1308 1776 τὰ

198 1818 261 1888 ἀπὸ
290 1825 346 1907 τῆς
374 1818 484 1898 ολούας
510 1823 629 1905 σχοινία
659 1824 729 1888 seb.
754 1826 827 1904 Lyo.
849 1822 898 1888 20.
927 1822 965 1886 ab
992 1813 1078 1893 οέοος
1107 1815 1308 1882 denominata

197 1923 340 1988 videntur
365 1923 446 1988 siout
468 1923 528 1988 alia
556 1941 636 2005 quae
665 1940 704 1986 ex
731 1923 895 1987 arboribus
922 1920 1057 1985 oonllunt
1085 1913 1170 1984 ἐλαία
1191 1913 1306 1993 ἔλαιον,

201 2024 272 2088 olea
294 2022 411 2105 oleum,
441 2039 501 2102 qno
524 2038 637 2108 genere
657 2023 786 2087 Romani
808 2021 952 2086 arborum
974 2022 1092 2083 innotus
1114 2018 1308 2096 distinguunt

198 2123 334 2202 molum,
353 2123 462 2202 pinum
483 2138 511 2185 v.
534 2128 563 2195 6.
585 2123 615 2187 5.
636 2129 667 2185 et
688 2121 771 2201 ligna
792 2121 925 2202 bunum,
957 2123 1081 2184 citrum.
1120 2112 1308 2180 Auentini-

198 2223 258 2287 bus
280 2221 397 2302 primae
420 2226 450 2284 ot
471 2218 628 2285 seeundae
653 2219 868 2284 declinationis
891 2221 1030 2284 oriuntur
1051 2216 1200 2281 tritoelitu
1224 2207 1308 2295 ἠλα-

199 2315 317 2402 κατήν,
345 2313 463 2402 κωλήν,
501 2337 520 2382 ο
548 2319 704 2384 tritoolitis
730 2319 791 2383 alia
819 2319 870 2384 rel
897 2319 1035 2400 ejusdem
1063 2316 1181 2380 ordinis
1205 2312 1308 2394 τελμλς

202 2415 220 2484 ὅ
245 2416 280 2483 ἐκ
298 2413 444 2500 τέλματος
464 2413 561 2500 πηλός
581 2419 646 2484 EM.
667 2419 718 2483 vel
739 2417 867 2483 diversi:
903 2437 921 2482 a
946 2413 1036 2481 δέλτα
1055 2411 1172 2493 δέλτος,
1204 2431 1223 2477 a
1247 2407 1308 2478 πέ-

201 2521 291 2591 λεκυς
310 2511 471 2593 albunea,
505 2516 543 2580 ab
573 2516 622 2582 bis
650 2534 729 2599 quae
755 2517 787 2580 in
812 2522 835 2580 οῖ
857 2516 1000 2582 oxoidunt
1027 2513 1137 2599 μήκων
1159 2511 1308 2599 Μηκώνη

200 2617 266 2681 ΕΜ.
294 2615 383 2678 Zeno
412 2619 461 2680 eat
488 2613 579 2679 Joois
612 2617 683 2679 eois
711 2633 808 2697 quom
836 2617 953 2680 Gnaeo
977 2621 1095 2681 voeuot
1122 2616 1309 2696 petrapoli-

202 2734 293 2794 oum,
324 2730 385 2778 ooo
411 2732 488 2779 uero
518 2715 700 2779 carduetum
721 2715 863 2794 Cyranid.
885 2733 914 2797 p.
938 2714 1029 2779 122.6
1050 2733 1069 2778 a
1090 2716 1226 2795 genitivo
1247 2717 1308 2779 τοῦ

201 2807 363 2896 ποιμένος,
391 2818 425 2875 ut
450 2813 502 2877 ille
530 2813 638 2896 tradit,
665 2813 780 2895 ποίμνη
802 2831 858 2894 por
888 2815 1098 2878 oonoisionenr
1125 2821 1159 2878 ut
1184 2809 1307 2896 λιμένος

201 2915 301 2997 λίμνη.
343 2914 372 2976 Α
391 2912 455 2992 πῦρ
476 2909 574 2996 πυρά,
595 2908 682 2994 ὕδωρ
702 2908 799 2992 ὕδρος
820 2919 851 2976 et
871 2908 962 2994 ὕδρα,
985 2907 1091 2995 ἀδὴρα
1113 2914 1179 2978 sivo
1198 2906 1306 2999 ἇδοίρη

205 3013 302 3096 (qnod
329 3011 469 3075 nonnulli
496 3013 709 3092 aegyptiaourn
737 3017 846 3093 putant
872 3030 901 3073 u.
924 3013 1075 3094 Sprengel
1102 3012 1142 3076 ad
1162 3015 1306 3082 Diosoor.

202 3134 232 3198 p.
254 3112 338 3195 456.)
367 3104 430 3174 ἀπὸ
449 3111 508 3173 τοῦ
529 3103 630 3193 ἀθέρα
656 3113 723 3175 sive
751 3105 858 3194 ἀθῆρα
882 3111 998 3177 Λοοοδ.
1025 3111 1119 3176 Beltlt.
1145 3111 1215 3177 351.
1244 3113 1306 3177 lroo

203 3220 253 3279 ost
274 3211 313 3276 ab
337 3211 533 3293 accusativo,
555 3210 635 3274 unde
656 3218 780 3274 veteres
800 3206 934 3293 γάστρα,
956 3206 1071 3293 μήτρα,
1093 3207 1204 3295 πάτρα,
1226 3210 1307 3296 φρή-

201 3336 273 3394 τρη,
302 3310 398 3393 eoppa
420 3315 562 3388 repetere
584 3308 686 3373 solent
706 3311 772 3375 EM.
793 3310 863 3394 584,
885 3309 933 3376 52.
954 3312 1094 3375 Eustatb.
1109 3311 1179 3396 665,
1197 3311 1226 3376 8.
1249 3315 1306 3378 sed

168 3493 171 3498 Ι
202 3417 392 3496 postremum
413 3425 474 3470 una
494 3424 562 3471 ourn
583 3409 754 3473 masculino
777 3403 888 3491 αἶθρος
908 3411 1045 3475 tortasse
1062 3411 1188 3475 averbo
1205 3420 1306 3479 orturn

202 3517 252 3580 est
278 3508 359 3574 undo
387 3501 464 3591 ἀήρ,
491 3502 588 3590 αἰθήρ
616 3514 646 3572 et
674 3503 765 3588 αὔρα.
820 3507 928 3590 Neque
956 3510 1160 3590 improbabile
1184 3512 1306 3578 videtur

205 3666 499 3682 ff

269 3763 298 3831 5]
325 3761 353 3814 Si
372 3727 480 3826 Κνβέῐμη
499 3773 550 3812 non
567 3757 652 3812 solnm
670 3758 737 3814 deae
755 3773 849 3815 nonen
874 3757 922 3813 luit
938 3758 987 3814 sed
1004 3759 1136 3816 ministrae
1155 3774 1260 3830 quoque
1278 3768 1307 3818 ut

202 3847 311 3914 κυμίλαι
324 3848 453 3914 γυναῖκα
470 3843 564 3898 Athen.
582 3843 641 3900 636.
653 3842 685 3896 Α.
706 3849 732 3899 ot
744 3842 857 3912 βάκχος,
875 3841 1002 3913 aonidae,
1020 3843 1190 3898 uraseulinum
1206 3845 1238 3900 ab
1254 3845 1306 3901 boo

202 3930 262 3984 loco
283 3929 397 3984 alienum
414 3931 463 3983 est.

267 4029 296 4097 6)
314 4028 371 4083 Ηοο
388 4033 498 4084 sumtum
517 4035 557 4086 est
574 4027 607 4084 nb
625 4026 774 4084 auctoribus
791 4027 904 4096 graneis,
922 4040 988 4094 quos
1005 4026 1045 4086 ltu
1058 4025 1171 4096 &agius
1185 4030 1308 4098 producit

202 4127 223 4164 S.
241 4110 457 4182 Ἆστραμαλῖνος.
