2768 4994
134 273 201 338 DE
221 269 315 336 Non.
335 263 501 343 QUORUM
514 261 628 326 ellan.
651 261 728 328 EST
749 262 879 330 elena
903 263 934 328 C.
950 265 971 329 l.
988 271 1016 339 §.
1032 267 1058 330 1.
1095 260 1169 332 40?

15 440 172 524 regula
192 433 317 503 Arcadii
337 432 357 497 l.
379 448 405 496 tt
422 421 460 493 τὸ
484 422 590 510 μέντοι
615 423 847 523 ὕψους-(εἰσ)
875 423 1073 510 lxmam„
1086 423 1169 511 {W

11 537 63 606 τὸ
92 535 124 604 ἆ
156 532 304 615 ὀξύνεται
323 527 375 596 eal
395 523 433 592 τὸ
453 523 640 612 Παρνασσός
660 522 780 592 (luceo
798 522 878 608 ἔχον,
898 532 931 591 et
953 527 1167 596 choeroeoeoi

13 643 63 706 ll.
91 637 190 704 219.
217 632 257 698 τὰ
282 629 392 715 ἔχοντα
415 622 538 710 μακρὸν
563 620 642 690 toti
667 622 769 709 ἢδύο
789 612 829 690 ὦ
847 619 1012 702 nicoma
1033 629 1165 707 nemea

16 737 103 817 σός,
148 725 406 814 irrumpamus.
454 727 516 794 Setl
543 725 737 790 Herodianus
767 727 867 790 Grarn.
892 725 942 789 lll.
972 725 1042 791 300.
1061 727 1164 791 etiam

20 836 209 918 oxytonis
221 830 364 898 concedit
378 835 412 892 ut
425 824 695 907 antepenultimam
708 831 832 888 aeunni:
848 818 940 898 νὰείς
952 809 994 898 e}
1004 823 1079 904 (ser.
1090 813 1160 905 &a

16 927 357 1019 προπαροξονόμονα
383 925 437 992 eat
459 923 572 1007 ἔχοντα
597 919 658 1005 πρὸ
685 919 793 997 τέλους
814 916 850 986 τὸ
871 918 893 985 ἇ
915 919 1165 1005 συνεπωίμένον

20 1031 124 1102 αὐτὸ
153 1031 270 1114 ἔχουσι·
291 1023 389 1111 ταύτῃ
409 1047 462 1108 μοι
482 1025 569 1088 δονεῖ
585 1021 641 1087 ml
655 1019 693 1088 τὸ
706 1019 810 1096 Ἴασος
829 1015 866 1086 τὸ
886 1025 912 1086 ὀἱ
931 1017 1163 1110 aemmmoep

17 1135 225 1220 χαρακτῆρι
235 1123 369 1194 cawile.
400 1119 469 1188 Ἐπὶ
483 1124 575 1206 (adde
588 1119 635 1205 (li)
649 1125 713 1186 otio
733 1116 894 1200 ὀξυτόνων
903 1113 1163 1202 enetpemeeeu

24 1225 57 1302 ff
73 1231 208 1317 ὁρᾶται
228 1226 262 1294 δὲ
283 1228 367 1303 (dele
387 1220 435 1307 ii)
455 1221 508 1288 uel
528 1217 549 1306 ἡ
569 1216 707 1305 συστολὴ
725 1219 779 1286 καὶ
798 1215 819 1304 ἡ
848 1217 967 1294 ἔντασις
989 1214 1035 1294 ὡς
1052 1217 1095 1288 »ἐν
1114 1221 1162 1308 τῷ·

22 1334 203 1418 τάμασος
215 1325 267 1393 καὶ
284 1322 445 1409 mounes,
466 1317 544 1388 etti
564 1319 618 1384 καὶ
634 1319 766 1403 cloacae
777 1315 961 1398 xoolpooon,
983 1320 1161 1400 quaomnia

28 1436 190 1501 titatium
213 1427 385 1492 adulterata
411 1429 492 1488 suut.
538 1421 671 1485 Primum
696 1419 778 1502 quod
807 1419 845 1484 do
863 1415 1085 1501 '‘leuce-dion,
1111 1420 1161 1482 siu

26 1536 177 1600 udatur
199 1524 424 1608 accipiendum,
447 1521 508 1584 loc
529 1519 634 1583 herois
654 1533 767 1582 nomen
789 1535 808 1582 a
829 1517 932 1582 laturo
952 1510 1161 1598 cenomanie

31 1642 129 1700 ctum
157 1636 196 1694 ut
217 1629 249 1691 iu
269 1624 335 1688 llll.
355 1621 426 1703 nel,
438 1619 497 1685 ll.
518 1618 637 1700 eicior,
659 1617 750 1698 alplra
770 1624 881 1680 natura
901 1616 1028 1696 longum
1045 1616 1164 1682 nauem

32 1735 98 1800 sed
126 1727 252 1808 corripi
272 1719 462 1786 characteris
484 1735 596 1797 oauso3
620 1733 682 1798 qua
701 1717 905 1780 excusatione
925 1731 964 1778 ne
985 1731 1066 1796 opus
1088 1717 1162 1796 oui*
1285 1715 1292 1734 ⁸

35 1833 115 1898 dem
149 1833 219 1910 est,
248 1825 276 1888 si
303 1817 378 1884 illutl
405 1818 443 1882 ab
471 1817 523 1880 ἰὀν
554 1815 604 1880 vel
624 1811 672 1888 ἰός
691 1815 741 1878 vel
763 1813 841 1876 adeo
863 1813 903 1876 ab
918 1808 967 1875 ’lui
989 1813 1160 1878 loricatum

34 1929 217 2010 dicimus-,²
237 1931 271 1990 ut
283 1915 514 2001 ’ἸασονἎργος
537 1908 601 1979 ἀπὸ
617 1908 721 1978 Ἰάσου
740 1913 796 1994 τῆς
813 1905 893 1984 Ἰοῦς
918 1917 952 1974 ut
980 1916 1065 1992 ajunt
1087 1913 1161 1978 Sciit

39 2031 101 2096 Od.
127 2025 240 2093 nulli.
261 2023 383 2087 met
404 2013 552 2098 Βάργασο
572 2007 633 2076 ἀπὸ
655 2007 821 2093 Βοργοὶσου
841 2011 898 2072 τοῦ
918 2007 991 2074 υἱοῦ
1006 2011 1062 2091 τῆς
1075 2004 1161 2090 Reip-

36 2151 99 2212 γης
121 2125 237 2206 Steplr.
280 2119 397 2184 Deinde
417 2117 552 2198 loquitur
573 2113 611 2177 de
632 2112 787 2192 onytonis,
809 2124 938 2190 quorum
960 2108 1159 2190 penultimam

40 2227 144 2292 modo
169 2225 295 2288 breuem
323 2233 410 2299 esse,
438 2214 529 2278 morlo
553 2212 694 2292 longam3
721 2208 778 2274 sed
805 2224 868 2270 nou
896 2206 1032 2270 declarat
1058 2213 1159 2271 utram

41 2327 216 2408 positione
244 2321 366 2398 longum
398 2297 563 2394 significet,
591 2316 625 2373 ut
645 2316 693 2372 est
712 2311 744 2372 in
765 2302 887 2370 πάσσον
906 2323 933 2369 v.
954 2305 1066 2369 Parall.
1088 2305 1157 2369 toi.

44 2443 85 2489 an
107 2431 228 2488 natura
248 2425 280 2482 ut
300 2417 394 2491 πᾶσα,
417 2427 457 2475 an
477 2411 619 2490 utrinque
641 2415 675 2471 nt
693 2408 831 2485 itionem
852 2421 914 2485 quo
937 2403 1087 2467 difficilior
1106 2411 1158 2466 est

44 2523 266 2604 exemplorum
294 2531 374 2596 qnae
401 2510 530 2592 apponit
560 2508 713 2571 tractatio.
764 2505 878 2568 Eorum
906 2501 1161 2584 primumquod

45 2623 77 2684 in
100 2621 176 2685 cod.
199 2619 266 2681 Bar.
287 2610 427 2695 vulpeum,
449 2610 480 2672 in
502 2605 681 2688 apographo
703 2604 803 2666 Herm.
824 2597 982 2682 τάγμασος
1001 2601 1159 2682 stauilitum.

45 2719 163 2801 procul
188 2715 279 2780 dnbio
302 2719 351 2777 est
371 2709 446 2774 urbs
468 2707 561 2787 Cypri
582 2721 672 2785 quarn
693 2703 844 2766 Homerus
871 2695 1005 2782 lepiepv
1026 2698 1075 2762 vel
1098 2702 1157 2762 Τα-

47 2815 147 2901 μέσην
169 2819 278 2893 voeat3
300 2809 382 2892 apud
404 2806 505 2872 Strab.
527 2805 574 2868 Vl.
595 2803 666 2868 253.
694 2795 838 2882 Ταμνσός
857 2801 888 2863 in
911 2799 1052 2862 omuibus,
1068 2798 1158 2862 lituris

50 2917 106 2980 sed
127 2914 209 2980 Xlll.
231 2911 300 2977 684.
322 2915 353 2972 et
372 2909 405 2970 in
425 2902 558 2968 llierocl.
581 2900 711 2980 synecd.
734 2918 760 2964 ο.
783 2900 833 2963 ll.
853 2892 1154 2979 lnpeeectclegitum

51 3016 81 3077 in
103 3016 181 3094 Lyc.
201 3011 270 3078 eal.
293 3007 473 3088 adjectivum
496 3011 544 3066 est
563 2995 712 3082 ταμάσιος
733 2999 824 3080 alpha
845 2997 938 3076 longo
969 3004 999 3060 et
1025 2993 1061 3060 id·
1087 2996 1159 3060 sine

51 3113 114 3177 ulla
136 3111 364 3190 discrepantia,
386 3103 442 3168 sed
467 3103 658 3168 Hermanuus
687 3098 800 3179 Opuse.
828 3097 863 3160 V.
892 3095 962 3160 244.
991 3089 1159 3176 τομάσσνος

54 3213 185 3292 corrigit
206 3210 277 3289 quia
303 3200 418 3286 Τεμέσῃ
439 3199 578 3266 vocalem
599 3198 722 3261 brevem
737 3196 829 3260 habat
841 3218 848 3275 3
862 3211 924 3275 quo
940 3193 1059 3258 accedit
1073 3193 1157 3273 quod

55 3309 185 3374 Ovidius
207 3323 311 3388 agrum
334 3304 426 3384 Cypri
448 3305 653 3364 tumescerem
673 3296 748 3359 <linit
770 3296 861 3377 alplra
881 3294 968 3357 brevi
982 3299 1012 3356 et
1025 3292 1158 3356 Nonnus

55 3407 130 3471 lllll.
151 3407 223 3472 445.
245 3405 352 3468 urbem
372 3404 470 3482 ipsam
498 3391 645 3476 Τάμνσον
664 3396 737 3458 item
758 3394 844 3458 breui
865 3391 965 3456 media
984 3389 1040 3454 sed
1058 3391 1159 3470 prime

57 3514 147 3570 acuta
169 3512 202 3568 nt
223 3503 329 3583 regula
347 3500 444 3580 jubet.
488 3494 659 3566 Secundum
686 3488 835 3575 ἐγγύασος
860 3493 893 3554 in
922 3505 1027 3570 apogr.
1054 3489 1154 3554 Herm.

58 3599 211 3683 ἓμπνασος
231 3603 378 3682 seriptum
402 3602 459 3679 est,
481 3596 513 3659 in
533 3597 604 3658 Arc.
625 3594 644 3658 l.
665 3609 691 3657 c.
712 3592 764 3656 ubi
786 3591 823 3654 tle
845 3589 937 3669 alpha
957 3588 1051 3666 longo
1074 3603 1155 3664 oxy-

60 3707 200 3766 tonorum
223 3702 331 3784 agitur,
351 3691 479 3779 ἐγγυσός
500 3692 713 3774 superscripto
736 3691 843 3771 alphe3
865 3703 923 3751 nec
944 3683 1108 3749 remedium
1125 3685 1156 3748 in

61 3809 211 3881 promptu.
252 3798 328 3862 Nam
359 3814 419 3877 quo
442 3792 682 3859 Choerobosous
704 3791 812 3868 utitur,
840 3777 1007 3866 Καρνασός
1033 3781 1156 3862 lougius

62 3897 355 3980 nauigaturum,
385 3895 546 3976 ipsumque
573 3905 637 3952 non
665 3887 816 3966 reperitur
845 3884 901 3950 sed
932 3884 1067 3946 fortasse
1088 3882 1158 3944 linc

63 4037 364 4054 w

126 4098 154 4166 2)
172 4099 334 4154 Hermauuns
350 4097 448 4165 Opuse.
466 4094 495 4148 Τ.
517 4092 552 4146 ll.
573 4091 632 4147 204.
647 4090 736 4146 'luem
752 4089 934 4154 interpretatur
950 4085 1024 4136 ltine..
