2788 4986
205 305 229 371 i
569 303 891 372 oissuurnrio
926 304 948 370 Ι.

209 489 268 554 que
289 466 398 554 κόχλος
411 466 558 556 -κάλχη
580 471 683 536 Schol.
704 469 743 534 ad
760 470 855 552 Soplr.
870 469 941 535 Aut.
957 467 1029 534 20,¹
1049 463 1146 552 μόρος
1158 505 1199 515 -
1210 473 1318 552 μοῖρα,

208 566 308 654 κρήνη
321 608 361 618 -
376 563 527 653 κρουνός,
555 564 690 652 ἀραγμός
703 603 745 614 -
758 565 893 652 δραχμή,
921 574 1024 652 τοῖχος
1037 605 1079 615 -
1091 573 1205 650 τεῖχος,
1239 563 1318 651 θρό-

208 692 264 745 νος
272 707 312 716 --
319 671 452 753 θρῆνος,
474 669 524 733 vel
542 669 633 732 etiam
647 667 843 734 incrementis
858 669 999 734 iinalibns
1013 662 1147 752 γλαυκός
1158 702 1200 714 -
1214 671 1319 732 Γλαυ-

209 771 278 846 κλοις
293 807 334 817 -
349 767 513 834 munione
529 803 570 814 —
586 761 762 850 Γλαυκέτης
776 801 818 812 -
830 769 1031 850 γλαυκίσκος,
1056 763 1168 852 ἐρῆμος
1187 803 1227 814 -
1249 763 1319 851 ἐρη-
1369 815 1375 828 .

209 875 317 954 μαῖος,
343 864 516 952 τυφλός-
531 869 695 950 τνφλάνος,
716 864 813 946 pluto
834 904 874 914 —
895 863 1029 948 ριτιτάζω
1051 875 1124 949 elo,
1155 872 1317 948 postremo

212 971 385 1052 prosthesi·
401 977 431 1033 et
460 967 631 1047 aphaeresi.
692 963 781 1042 Quod
815 967 843 1030 si
876 968 1051 1052 quaerimus
1085 983 1146 1048 quo
1182 966 1317 1029 consilio

214 1069 322 1136 Graeci
342 1075 388 1131 lot
402 1075 524 1147 tamquo
540 1067 643 1128 varias
659 1065 880 1130 vocabulorum
901 1067 1024 1148 species
1045 1065 1226 1148 invexerint,
1248 1081 1318 1128 ma-

212 1169 357 1232 nifestum
386 1172 434 1229 ost
463 1164 540 1228 alias
567 1153 766 1228 necessitatis
788 1180 884 1228 causa
904 1164 1097 1228 introductas
1119 1180 1207 1248 osse,
1238 1163 1317 1228 alias

214 1263 440 1330 commoditatis
463 1272 493 1328 et
519 1263 698 1344 elegantiae.
730 1263 807 1328 Nam
829 1279 921 1344 quum
941 1263 1074 1326 inventis
1095 1279 1197 1327 rerum
1217 1280 1318 1328 voca-

213 1363 294 1430 bulis
321 1363 543 1445 principalibus
570 1379 702 1426 necesso
730 1367 816 1425 esset
845 1377 949 1425 earum
976 1377 1077 1424 rorum
1102 1363 1318 1445 cognationes,

215 1461 445 1545 similitudines,
471 1460 657 1526 differentias
685 1461 820 1542 propriis
850 1458 996 1539 distingui
1022 1461 1119 1543 notis,
1148 1460 1179 1524 id
1201 1477 1320 1525 conso-

215 1561 300 1644 quuli
327 1567 399 1624 sunt
426 1562 520 1624 variis
542 1560 603 1625 illis
625 1561 712 1624 vocis
735 1560 907 1642 primitivae
929 1557 1074 1638 denibus3
1109 1566 1140 1622 et
1161 1559 1214 1622 ubi
1233 1559 1320 1622 nulla

215 1659 412 1726 distinetione
442 1677 520 1741 opus
548 1666 631 1743 erat,
662 1666 763 1724 lamen
792 1659 942 1721 orationis
969 1656 1138 1721 comendae
1162 1673 1260 1722 causa
1287 1664 1319 1722 ct

215 1776 254 1824 ue
283 1759 385 1821 omnia
412 1757 451 1822 ad
479 1776 570 1828 unam
592 1759 720 1822 formam
741 1756 895 1840 dicerent,
925 1773 1021 1836 saepe
1040 1754 1162 1820 iullexis
1184 1758 1229 1819 uti
1249 1774 1320 1821 ma-

215 1857 336 1922 luerunt
357 1873 447 1937 quam
468 1859 572 1924 rectis.
614 1858 679 1923 Nec
700 1873 801 1920 rarum
824 1856 888 1938 luit,
912 1855 1032 1938 opinor,
1054 1855 1138 1919 utin
1159 1856 1237 1936 ipsis
1259 1856 1320 1920 fin-

214 1955 305 2038 gendi
327 1957 480 2020 sermonis
504 1956 679 2039 primordiis
700 1972 761 2018 uno
784 1953 954 2037 eodemque
981 1955 1051 2019 nisu
1072 1955 1163 2018 binae
1184 1953 1320 2018 oderen-
1392 1949 1393 1990 l

215 2062 263 2118 tur
291 2055 407 2118 formae
436 2057 525 2138 quasi
555 2073 647 2138 poma
672 2053 803 2135 gemella
831 2053 950 2137 solent,
979 2069 1106 2134 quarum
1133 2059 1245 2118 neutra
1266 2061 1319 2118 aut
1392 2043 1393 2102 l

216 2155 368 2235 primitiva
389 2152 448 2218 dici
470 2159 576 2235 potest
597 2161 650 2218 aut
671 2152 848 2218 derivativa.
890 2151 952 2218 Sed
974 2169 1053 2233 quae
1073 2153 1135 2216 sint
1148 2153 1210 2217 lroc
1224 2152 1318 2217 modo

215 2260 289 2318 nata
309 2252 472 2337 vocabula,
493 2255 574 2318 sciro
595 2270 658 2317 uon
678 2252 767 2333 licet;
801 2268 896 2334 qnare
925 2249 963 2314 dc
990 2249 1137 2316 derivatis
1157 2252 1320 2336 loquemur

217 2360 361 2433 tauquam
382 2351 469 2419 solis.
510 2352 626 2416 ll'orum
646 2358 757 2434 autem,
779 2356 812 2413 ut
831 2349 923 2413 modo
942 2350 1013 2435 dixi,
1035 2353 1158 2431 species
1179 2368 1242 2415 uua
1261 2356 1321 2435 ost,

216 2467 277 2532 qua
297 2450 473 2515 intellectus
492 2456 634 2533 mutatur,
656 2447 695 2512 ad
715 2465 803 2513 usum
823 2450 1019 2530 necessaria;
1047 2449 1154 2534 altera,
1175 2466 1237 2531 qua
1255 2465 1321 2514 non

215 2555 358 2632 mutatur,
380 2547 419 2612 ad
441 2554 581 2611 ornatum
598 2541 745 2632 pertinet,
766 2548 849 2612 volut
869 2548 947 2614 haec
968 2552 1066 2630 nicer,
1089 2550 1236 2630 tripetias,
1263 2551 1321 2614 oi-

216 2665 283 2729 pro,
307 2650 425 2729 κόριον,
449 2647 578 2726 ciprieo,
602 2647 755 2728 oiprcsco,
779 2649 896 2728 odoror,
919 2647 1060 2729 νιίρτοόο,
1076 2646 1249 2728 oipmlodo,
1264 2649 1321 2710 oi-

215 2749 331 2827 pratia,
361 2761 491 2828 quorum
512 2745 610 2825 prima
631 2760 721 2825 quam
742 2744 903 2828 plurimum
923 2746 1003 2810 inter
1024 2763 1059 2810 se
1078 2745 1229 2829 diuorum,
1250 2762 1321 2810 me-

217 2845 268 2915 dia
295 2862 358 2910 nou
384 2843 474 2926 nihil,
504 2848 641 2908 extrema
667 2843 719 2907 vix
747 2841 831 2924 quod
851 2844 960 2908 sentiri
981 2845 1092 2925 possit.
1132 2843 1199 2908 Neo
1218 2845 1322 2908 minor

218 2944 404 3022 Graecorum
426 2941 552 3006 ubertas
575 2949 637 3005 tum
658 2941 690 3004 in
711 2942 915 3006 substantivis
936 2938 1036 3027 λήσμη
1059 2939 1247 3027 (incidam),
1268 2946 1321 3026 ip

215 3038 335 3122 θεδών,
362 3037 541 3128 casanova,
569 3036 749 3126 λισνοσύνν
770 3077 811 3089 -·
829 3035 926 3124 τινά,
959 3035 1077 3124 κόνι,2
1104 3038 1219 3126 adrat,
1247 3065 1320 3126 cve

215 3139 315 3228 μονή,
336 3136 525 3227 χαρμοσύνη,
546 3135 710 3223 χαιρηάιόν,
732 3141 846 3205 lumin
867 3139 1027 3222 adjeolivis
1047 3136 1163 3224 νύχιος,
1182 3137 1319 3224 νύκτιος,

215 3237 372 3324 νύκτερος,
393 3234 559 3322 νυκτέρους,
580 3235 766 3321 νυκτερινός,
787 3235 986 3322 νυκτερήσιος
1000 3277 1041 3288 -
1053 3234 1187 3325 ὖάαρός,
1206 3236 1320 3327 aidonop-

215 3338 281 3426 ρός,
303 3335 455 3418 ὖάἀτινος,
476 3331 631 3418 ὑόατικός,
652 3333 820 3422 ὑδατώδης,
841 3332 979 3418 idomas,
1000 3334 1152 3420 ὑάωτόεις,
1173 3343 1265 3407 tertio
1287 3343 1320 3407 iu

215 3441 319 3506 verbis
342 3433 477 3522 ἀλέομοιι,
498 3433 632 3518 ἀλύσκω,
654 3434 825 3520 ἀλυσκάζω,
845 3432 968 3504 ἀλεείνω
987 3445 1045 3504 eto.
1085 3439 1152 3505 Jam
1172 3445 1206 3505 ut
1227 3458 1318 3506 nemo

231 3673 233 3680 ·
282 3655 310 3722 1)
329 3653 423 3724 Κάχλρ
439 3651 605 3724 ἦπορφόρα,
623 3647 637 3704 ό
652 3649 750 3720 κόχλος
766 3649 854 3705 Schol.
871 3649 904 3704 ud
919 3650 1026 3705 Dosiud.
1040 3652 1067 3704 ln
1082 3650 1158 3706 Anlh.
1177 3651 1204 3706 P.
1216 3666 1243 3720 p.
1257 3651 1318 3710 825.

215 3736 276 3792 Utro
295 3737 376 3793 iorma
395 3739 531 3806 antiquior,
549 3739 737 3804 incompertum
753 3734 802 3789 sod
820 3736 846 3787 in
865 3737 919 3788 urle
936 3735 1103 3802 praeponitur
1120 3734 1272 3788 masculina.

280 3811 310 3890 2)
332 3821 530 3892 Καλλίστρατος
548 3817 630 3890 χάρις
647 3818 708 3872 ἀντὶ
724 3817 772 3871 τρῖ·
788 3815 864 3888 χαρά
886 3817 975 3871 Schol.
995 3815 1044 3871 Od.
1065 3817 1108 3872 vl.
1127 3818 1169 3876 29.
1191 3815 1320 3875 πολλάκις

214 3905 241 3955 ol
258 3906 367 3969 ποιηταὶ
384 3905 433 3968 τὴν
447 3901 533 3974 χάριν
547 3901 641 3972 χαράν
657 3901 787 3955 καλοῦσιν
803 3901 917 3956 Eroliau.
938 3899 1092 3968 Apollonius
1109 3899 1191 3956 luen:
1221 3900 1319 3970 ἀχαρί-

213 4003 311 4058 στερον
332 3985 561 4059 ἀχαριστότερον,
587 3981 601 4037 ό
626 3984 657 4038 δὲ
669 3986 773 4037 Ἀπίων
789 3982 988 4055 λυπηρότερον,
1013 3998 1065 4052 quo
1084 3982 1182 4040 Corues
1201 3985 1235 4039 ad
1251 3984 1318 4038 Plul.

214 4071 242 4126 Τ,
263 4071 305 4127 lll.
323 4071 382 4129 326.
407 4068 575 4138 Polybianum
592 4067 663 4136 μετὰ
683 4067 781 4132 πολλῆς
799 4068 889 4138 χορός
907 4066 985 4122 llllll.
1007 4070 1047 4124 l'l.
1073 4074 1168 4124 tuctur.
1193 4069 1228 4124 cl.
1248 4069 1319 4126 Hor-

215 4169 299 4210 munn.
318 4155 350 4209 nd
369 4154 455 4209 Orost.
477 4154 533 4211 15⁵.
