2770 4992
276 225 329 288 DE
350 224 443 290 atur.
466 224 624 292 annatim.
647 226 798 294 adusta.
831 229 864 295 d.
880 231 929 295 lll.
952 239 981 307 s.
998 233 1024 298 1.
1160 236 1207 302 55

88 383 216 452 σέλινον
239 405 280 454 an
302 406 341 452 ex
361 388 483 456 duobus
505 392 600 456 reotis
622 399 656 455 ut
675 389 883 476 numanam
903 396 1025 462 videtur
1046 405 1077 462 et
1097 397 1208 482 τραγέ-

86 491 193 570 λαφος
218 488 343 568 aliaque
370 489 401 550 in
421 489 532 554 Parati.
554 489 625 554 367.
649 494 829 558 traotata.⁶⁵
860 495 937 558 Mire
964 513 1040 560 vero
1064 504 1094 560 et
1115 499 1207 564 inso-

86 588 191 652 lenter
212 588 440 654 eoulorruatum
455 597 505 652 est
519 583 798 672 ἀνδροπορφνρεύς
815 586 1117 676 ἀνδροκογχυλειπὴς
1131 597 1203 662 Hos.

85 702 147 750 nee
176 684 281 750 simile
308 689 492 765 germaniois
526 687 768 770 Woeeermonn,
798 691 998 773 Lepermann
1020 693 1104 774 (nam
1125 694 1202 760 haee

83 787 269 867 oomposita
281 792 353 848 sunt
365 792 398 848 ut
412 786 622 868 Beotetttter)
639 786 696 852 sed
717 806 756 854 ex
770 792 968 871 appositione
983 784 1064 875 ἀνὴρ
1075 813 1202 878 πορφυ-

81 879 169 967 ρούς,
192 890 227 950 ut
248 890 360 948 nostra
378 884 613 966 Bouarsmooo,
635 887 905 954 dicteramonn.⁶⁶

169 1001 240 1064 tam
259 1002 332 1080 ipsa
352 1017 454 1064 rerum
477 1001 577 1065 series
590 1017 649 1065 uos
662 1001 786 1066 deducit
799 1002 838 1066 ad
853 1002 1100 1070 deminutionem.
1136 1009 1199 1073 Sed

81 1101 178 1182 hujus
209 1107 258 1164 tot
285 1105 358 1164 suut
386 1100 503 1163 formae
531 1107 562 1163 ot
591 1106 651 1164 tam
679 1100 771 1182 longo
793 1110 957 1186 evagatae,
985 1109 1019 1168 ut
1040 1106 1072 1167 iu
1092 1112 1199 1172 traus—
1243 1161 1245 1168 ,

79 1215 199 1279 gressu
217 1201 344 1266 tractari
366 1205 529 1279 nequeant.
579 1198 681 1275 Quare
703 1200 782 1265 hano
802 1203 1016 1282 quaestionem
1037 1203 1143 1268 didero
1165 1207 1197 1270 in

79 1298 159 1363 illud
181 1305 315 1382 tempuS,
337 1315 399 1379 quo
417 1299 516 1363 omnis
537 1301 784 1366 terminationem
805 1302 941 1366 varietas
963 1304 1108 1384 exposita
1129 1305 1195 1370 erit.

544 1498 651 1562 CAP.
680 1497 736 1562 ΙΙΙ.

450 1623 507 1690 De
538 1624 829 1690 denominatione.

164 1771 196 1838 S.
219 1763 246 1830 1.
289 1766 459 1834 notionem
487 1783 542 1846 per
562 1783 693 1848 genera,
721 1768 810 1846 eujus
837 1766 962 1846 speeies
991 1781 1130 1846 eaquae
1153 1766 1191 1829 ad

77 1863 280 1928 substantiva
309 1865 461 1946 pertinet,
491 1868 556 1945 jam
585 1865 750 1945 explanata
778 1870 843 1946 est,
876 1863 1069 1928 Grarnmatioi
1097 1864 1189 1926 modo

76 1963 371 2042 paraschematisrui
389 1964 512 2028 nomine
533 1964 725 2045 signiioant,
752 1962 843 2027 modo
867 1963 959 2025 etiam
980 1964 1188 2042 paronymiae.

77 2062 135 2124 Sie
162 2054 311 2144 ἀσβέστη,
342 2054 504 2144 εὐποιητή,
532 2056 705 2144 ἀμφιρύτη,
734 2054 877 2142 παγκάλῃ
904 2065 934 2123 et
956 2061 1067 2124 similia
1087 2055 1189 2142 παρώ-

75 2181 164 2241 νυμα
191 2167 309 2224 voeant
336 2161 439 2225 Schol.
468 2162 502 2227 ll.
529 2161 605 2226 XIV.
633 2160 702 2226 372.
730 2161 806 2224 xvi.
836 2159 904 2224 123.
934 2166 964 2222 et
985 2157 1055 2223 636.
1076 2157 1187 2225 dread.

75 2257 148 2324 102.
171 2266 202 2322 et
222 2254 416 2342 παρώνυμον
435 2247 613 2342 χαρακπῆρα
630 2259 664 2324 ll.
684 2259 775 2324 XXII.
796 2258 846 2324 51.
889 2259 951 2324 sed
973 2257 1081 2324 eodem
1096 2261 1187 2324 etiam

1 2429 2 2450 ,
75 2356 281 2424 derivationis
303 2358 565 2440 comprehendunt
585 2360 709 2439 species
723 2359 844 2438 varias;
886 2358 1014 2438 primum
1037 2374 1104 2421 eam
1126 2375 1187 2439 qua

1 2465 2 2470 ’
74 2456 275 2522 substantiva
297 2459 336 2522 ab
359 2459 520 2539 adjectivis
543 2459 712 2522 formantur
734 2465 765 2520 et
787 2462 911 2520 eontra:
938 2457 1076 2538 γλώσσας
1096 2451 1114 2520 ὁ
1135 2452 1186 2519 λα’-

73 2558 130 2631 tos
148 2552 237 2638 παρὰ
255 2553 292 2620 τὸ
311 2557 435 2638 γλῶσσα
454 2552 648 2640 παρωνύμως
667 2551 772 2639 μέμονε
792 2554 903 2620 troad.
926 2572 956 2636 p.
976 2555 1024 2620 76.
1045 2549 1130 2638 παρὰ
1149 2551 1185 2620 τὸ

74 2647 204 2738 ἀφανής
226 2652 326 2738 ὄνομα
346 2647 513 2722 ἀποτελοῖτο
526 2650 668 2740 θηλυκὸν
681 2650 760 2720 κατὰ
772 2649 963 2736 παρώνυμον
976 2652 1185 2738 σχηματισμόν

73 2747 95 2836 ἡ
124 2746 264 2836 ἀφάνεια
289 2755 436 2836 Apollon.
463 2755 502 2820 de
530 2753 856 2836 svnt..1v.1t,334.
884 2750 1016 2817 ἐπὶτῶν
1036 2755 1184 2820 πλείστων

73 2850 241 2936 ποιότητος
268 2846 431 2936 ὀνομάτων
451 2849 490 2918 τὰ
510 2846 575 2919 κατ’
598 2847 695 2928 αὐτὰς
713 2850 911 2936 παρωνύμως
929 2847 1059 2936 λέγεται,
1087 2849 1184 2918 ἐνίοτε

74 2947 107 3015 δὲ
134 2947 192 3032 οὔ,
221 2945 291 3016 οἷον
317 2945 379 3016 ἀπὸ
405 2955 460 3036 τῆς
487 2947 596 3036 ἀρετῆς
623 2947 641 3016 ὀ
664 2953 834 3028 σπουδαῖος
854 2955 983 3017 Aristot.
1006 2952 1111 3034 Categ.
1134 2953 1182 3019 IX.

74 3070 102 3133 p.
127 3053 176 3135 te,
199 3053 249 3118 26.
272 3051 355 3134 quod
376 3053 500 3134 supplet
522 3053 674 3117 deiectum
695 3053 875 3133 paronymi;
910 3044 973 3114 ἀπὸ
998 3051 1053 3132 τῆς
1074 3045 1183 3136 ἀρετῆς

74 3145 134 3216 οὐκ
162 3146 320 3236 ἀρεταῑος,
354 3143 431 3214 ἀλλὰ
463 3147 646 3233 ἑτεροζύγως
674 3147 791 3234 λέγεται
817 3149 986 3224 σπουδαῖος
1019 3150 1119 3214 Prool.
1149 3152 1181 3214 in

74 3252 156 3316 Crat.
177 3269 208 3333 p.
229 3251 279 3324 44.
300 3250 334 3314 Β.
356 3250 439 3332 quod
458 3251 640 3314 Eustathius
660 3268 688 3330 p.
708 3251 759 3334 84,
781 3250 829 3316 29.
852 3245 1049 3332 ἕτερώνυμως
1070 3250 1182 3330 appel-

72 3351 167 3415 latum
189 3350 273 3415 dioit.
317 3348 459 3416 Secundo
482 3351 717 3432 intransitivum,
745 3350 912 3430 aparibus
933 3351 965 3413 in
986 3348 1082 3431 paria,
1104 3365 1180 3430 par-

74 3451 126 3516 tim
147 3448 256 3513 eadem
279 3449 519 3530 significatione:
547 3443 646 3514 πολλοὶ
666 3445 728 3513 ἐστι
748 3443 922 3531 παρώνυμα
942 3441 1021 3512 κατὰ
1038 3448 1096 3510 τοῦ
1117 3440 1180 3510 αὐ-

136 3728 183 3798 65)
209 3729 322 3784 Nomina
340 3731 459 3798 propria,
485 3729 579 3797 quibus
598 3729 744 3785 addendum
766 3735 807 3786 ost
821 3725 1028 3797 Ἠλιοσάραπις,
1060 3727 1176 3782 Grauer-

74 3815 112 3868 tus
129 3813 258 3881 explicuit
277 3813 305 3866 in
321 3812 388 3866 llus.
408 3813 490 3868 llhen.
511 3812 538 3867 Τ.
553 3813 587 3867 11.
601 3813 643 3870 58.
657 3827 696 3881 sq.
717 3815 792 3880 orpus
811 3813 937 3867 memoria
953 3824 995 3866 me
1015 3809 1125 3876 fugerat.

133 3911 179 3978 66)
205 3909 464 3983 Ἀνδροπορφνρεύς
487 3913 632 3968 seeundum
653 3925 803 3967 communes
823 3911 928 3966 dioondi
953 3910 1028 3976 leges
1047 3907 1178 3974 signifieat

75 3992 179 4065 ἀνδρῶν
195 3994 357 4066 πορφυραῖς
376 4001 403 4052 et
420 4002 480 4052 sunt
494 3997 578 4066 ntiqui
595 3994 680 4056 ἁλιεῖς
696 3993 852 4066 ἀνθρώπων
868 3993 948 4049 liare.
965 3991 1012 4048 Ev.
1030 3991 1051 4045 1.
1069 3992 1108 4047 tr.
1126 3992 1175 4047 sed

75 4075 132 4131 illud
150 4079 229 4133 nimis
249 4077 376 4134 absonum
394 4077 470 4136 toret.
