2758 4994
223 277 295 348 Μ
578 273 903 342 utssunrarto
937 273 971 340 V.

222 441 351 510 οί1ο1ο
377 439 562 508 simillimum
589 433 714 524 ἇχηρές,
751 439 834 521 qnod
862 439 1055 504 Grammatici
1088 441 1149 504 atio
1184 443 1330 506 remedio

221 541 422 608 amabuntur:
444 531 560 622 ἇχηρής
579 534 615 602 ἐκ
633 541 691 604 τοῦ
711 533 828 622 ἆχαρής
853 534 972 602 ἐντάσει
991 539 1049 602 τοῦ
1070 539 1154 612 dede
1172 550 1212 622 ῆ,
1244 538 1333 604 διότι

221 633 371 718 ὀξύνεται·
392 633 433 704 οδ
453 633 513 723 γὰρ
533 632 674 702 ἀπὸτοῦ
694 635 769 720 ἄχος
789 633 833 713 ὦς
853 637 943 719 ξίφος
964 635 1095 721 ξιφήρης
1109 640 1174 704 ΕΜ.
1189 639 1258 722 181,
1275 641 1330 705 15.

221 738 260 806 de
281 755 343 820 quo
360 741 426 820 iam
442 738 583 820 judicare
601 755 665 803 non
685 755 852 819 possumus
874 737 984 802 deletis
1010 737 1153 802 vocabuli
1174 739 1331 820 exemptis

223 838 374 904 omnibus.
416 839 495 904 Sunt
513 853 588 902 voro
612 837 673 901 alia
694 853 773 917 quae
795 852 886 916 quum
907 853 1065 918 paragoge
1085 853 1149 902 non
1177 840 1242 902 sint
1268 857 1333 900 ac-

222 943 345 1002 centum
369 945 590 1019 contraquam
611 936 763 1000 sancitum
786 941 835 998 est
854 935 886 997 in
908 936 1074 1016 penultima
1088 937 1212 1000 babent.
1255 938 1333 1001 Pri-

221 1052 303 1102 mum
324 1029 595 1118 trimodoque
619 1043 720 1098 tamen
741 1034 918 1112 ambigitur:
947 1028 1070 1117 ἀνῄρεις
1100 1030 1277 1115 ἀνάνδρους
1305 1034 1332 1118 ἢ

221 1131 318 1217 χήρας
337 1129 359 1218 ἢ
379 1129 557 1214 παρθένους
578 1128 621 1208 ὡς
642 1129 787 1214 ξιφήρεις,
807 1127 842 1194 ἐκ
860 1133 918 1195 τοῦ
940 1129 1005 1198 ἄνω
1018 1131 1207 1214 codonniano
1223 1136 1332 1203 Ebi.33

221 1227 341 1316 α’νηρης
368 1226 548 1316 ἀνδρώδης,
577 1233 608 1298 oi
634 1228 668 1296 δὲ
688 1225 882 1312 ἀνάρμοστος
900 1231 973 1296 lies
1013 1233 1096 1313 Ergo
1118 1240 1152 1296 ut
1174 1239 1331 1316 conjuges

222 1327 373 1415 σννηοροι
399 1341 549 1398 vocantur
578 1340 609 1397 et
636 1331 802 1397 familiares
832 1325 972 1410 Πόταροι
1002 1328 1151 1414 γνώριμοι
1177 1334 1252 1397 Ηοε.
1282 1337 1333 1398 ita

222 1447 286 1496 non
312 1432 420 1494 mirum
450 1439 500 1496 est
527 1433 673 1512 innuptos
694 1429 793 1494 dictas
814 1446 886 1493 csse
914 1423 1036 1510 amices
1053 1432 1114 1496 hoc
1133 1438 1184 1496 est
1204 1434 1331 1514 injuges

222 1524 446 1612 ἀναρμόστοις.
490 1531 624 1596 Tertium
646 1527 775 1612 praebet
794 1527 875 1591 idom
896 1526 1268 1614 glossographusAmjoq
1288 1529 1332 1595 τὰ

222 1621 265 1692 δι’
296 1622 373 1692 ὅλον
390 1621 570 1712 ἡρμοσμένα
589 1622 750 1708 ἀναλόγως
767 1626 813 1713 νῷ
834 1622 981 1708 ποδήρης,
1002 1627 1062 1691 boc
1083 1635 1132 1694 est
1154 1631 1194 1694 ab
1216 1631 1331 1696 eodem

223 1719 369 1810 ἀρηρίναι
390 1729 605 1808 compositum.
648 1726 711 1792 Sed
730 1725 762 1790 id
777 1742 900 1806 quoque
918 1729 1083 1807 paragogis
1096 1730 1207 1793 inserit
1221 1732 1330 1796 Soboi.

222 1827 294 1892 Eur.
314 1826 451 1890 Phoenn.
473 1825 522 1890 90.
543 1825 645 1908 διῆρες
666 1821 771 1906 στέγος
790 1818 928 1887 ἀπὸτοῦ
949 1823 1009 1889 δύο
1030 1821 1072 1900 ὡς
1095 1822 1196 1910 μόνον
1223 1827 1330 1912 μονή-

223 1947 288 2009 ρης,
310 1925 394 2008 quod
415 1925 467 1989 alii
489 1926 625 1988 tortasse
647 1941 715 1988 cum
737 1925 833 1988 verbo
862 1917 1017 2006 ἀραρίοιιω
1047 1926 1225 2007 copulatum
1253 1947 1330 1993 esso

223 2030 408 2107 statuerunt,
430 2024 570 2105 exemplo
594 2022 739 2103 adjectivi
758 2018 900 2105 μονόζυξ,
921 2025 953 2086 in
974 2041 1034 2104 quo
1058 2027 1232 2090 contrarias
1255 2032 1330 2092 uni-

223 2125 296 2188 tatis
309 2130 339 2187 et
352 2123 561 2204 copulationis
573 2123 719 2186 notiones
732 2123 848 2202 pariter
863 2123 1020 2186 coaluisse
1033 2129 1126 2205 patet.
1148 2125 1211 2189 Sed
1219 2127 1329 2192 eadem

221 2222 384 2304 vocabula,
404 2239 496 2302 quum
512 2222 549 2286 de
563 2223 693 2286 navibus
708 2221 861 2300 dicontm,
875 2225 1039 2302 ceteraque
1052 2222 1227 2302 hujusmodi
1243 2224 1329 2309 τριή-

223 2343 289 2403 ονο,
311 2316 449 2404 δεκίης,
471 2315 607 2402 thimo,
628 2316 797 2403 ταιυήοηι,
827 2316 956 2402 ἐνίοις,
985 2316 1118 2404 miae
1145 2322 1183 2387 td
1211 2319 1328 2408 ἐοὲσνω

223 2423 376 2502 referunt,
403 2419 486 2500 quod
507 2420 633 2484 verbum
654 2427 745 2500 quum
767 2427 880 2500 poetae
902 2436 997 2500 saepe
1018 2436 1038 2483 a
1057 2422 1234 2500 remigando
1261 2433 1330 2490 tra-

223 2519 338 2585 ducant
359 2518 398 2583 ad
419 2520 573 2582 actionem
594 2525 625 2582 et
647 2519 855 2601 agitationem,
876 2535 940 2581 non
959 2517 1038 2582 adeo
1066 2517 1204 2585 damnem
1225 2523 1330 2589 Photii

224 2618 415 2682 notationem
437 2610 559 2698 Εὐηρες
578 2610 740 2698 εὐνηωρόν
760 2610 822 2680 ἀπὸ
842 2624 898 2700 τῆς
914 2617 1049 2699 εἰρεσίας,
1062 2617 1090 2660 ³⁴
1110 2635 1180 2682 nam
1192 2622 1329 2688 indidem

226 2716 351 2780 ductum
373 2721 421 2778 cst
442 2709 609 2796 σννηρέτης
629 2710 799 2797 σύμφωνος
818 2709 862 2790 ὡς
890 2709 1054 2800 ἀντηρέτης
1080 2714 1219 2794 ἐναντίος
1238 2722 1329 2788 Pbot.

225 2822 257 2880 ot
278 2807 430 2896 ὑπηρέτης
449 2815 468 2876 i.
491 2831 520 2894 q.
543 2807 699 2895 ὑποορηός
718 2833 746 2879 v.
768 2813 807 2877 ad
828 2816 877 2894 Aj.
900 2815 988 2882 1329.
1015 2835 1074 2882 neo
1100 2820 1201 2883 minus
1230 2839 1328 2904 saepe

225 2914 311 2978 vorbi
340 2907 497 2992 ἀραρίσκω
524 2913 572 2976 vis
601 2919 631 2976 et
660 2912 873 2993 componendo
903 2913 1102 2979 obumbratur
1127 2924 1158 2980 et
1188 2924 1328 2988 transie-

223 3013 321 3100 rcudo
349 3019 382 3075 nt
409 3008 511 3076 κάλλει
539 3004 662 3092 ἀραρώς
688 3012 760 3076 Eur.
789 3012 929 3080 111948.
959 3009 1062 3096 κράτει
1088 3009 1213 3100 ἀραρώς
1241 3021 1328 3085 Pind.

224 3112 272 3178 01.
292 3112 329 3176 X
351 3111 400 3177 98.
421 3104 602 3192 ἀπηνείῃσιν
622 3102 746 3192 ἀρηρώς
764 3111 910 3193 Apolloni.
931 3113 966 3176 lt
990 3113 1077 3178 1202.
1099 3108 1181 3198 ὀσμῇ
1193 3115 1329 3202 κατήρης

224 3211 297 3274 Eur.
318 3211 364 3273 Ei.
388 3208 457 3274 498.
481 3226 499 3270 a
520 3226 581 3288 quo
605 3201 742 3292 ὀσμὴρης
763 3210 912 3273 tantulum
933 3210 1064 3278 discedit
1083 3220 1117 3276 ut
1133 3232 1152 3278 a
1166 3215 1328 3281 Gramma-

225 3309 295 3372 ttois
317 3307 523 3372 schismaticis
544 3309 576 3370 in
597 3306 750 3387 syntbetis
771 3309 880 3372 reterri
900 3311 1045 3390 potuerit.
1089 3311 1151 3377 Sed
1172 3313 1329 3380 illasimi-

222 3406 319 3472 litudo
342 3424 406 3470 non
425 3407 516 3470 efficit
538 3414 572 3470 ut
592 3424 612 3470 a
630 3406 737 3488 regula
759 3408 863 3471 tonica
884 3408 1055 3473 abeundum
1077 3418 1239 3496 putemus;
1259 3433 1328 3480 nam

222 3584 501 3597 ———---—-—-—

292 3689 337 3754 33)
355 3688 488 3742 Postrema
509 3684 538 3736 ἐκ
557 3684 605 3736 τοῦ
623 3686 681 3738 ἄνω
698 3715 732 3726 --
748 3701 800 3740 non
812 3686 1006 3755 hucpertinere
1023 3703 1121 3744 censeo
1141 3694 1189 3750 sed
1202 3696 1236 3750 ad
1252 3697 1327 3766 ἀνήρ,

227 3770 296 3840 quod
314 3769 461 3838 Etymologi
479 3783 495 3822 a
510 3768 590 3824 verbo
609 3769 654 3822 iiio
672 3776 793 3837 repetere
813 3772 906 3826 solent.
943 3771 1079 3834 Quomodo
1099 3773 1201 3846 ἀνήρης
1218 3795 1265 3848 pro
1284 3781 1325 3834 cto·

227 3851 334 3921 δ’ρώδης
352 3853 405 3906 diei
422 3853 545 3920 potuerit,
563 3867 653 3918 parum
671 3869 807 3923 assequor,
825 3870 875 3911 nec
892 3870 981 3910 verum
1002 3862 1074 3922 puto.

292 3936 338 4003 34]
358 3934 433 3998 Quod
452 3935 585 3990 antecedit
601 3937 702 4004 Είηρές
719 3937 833 3996 ἐπιεικές
849 3937 948 4008 πρᾷον,
965 3953 1018 3992 non
1040 3939 1108 3994 banc
1130 3945 1183 3996 rim
1207 3944 1287 4004 babet
1303 3955 1328 4002 ut

228 4017 428 4072 Granrrnaticnm
446 4016 606 4085 significatus
625 4018 744 4076 diversos
762 4027 871 4078 accentu
892 4021 1042 4078 distinxisse
1066 4029 1155 4092 putem
1179 4028 1228 4084 sed
1246 4034 1327 4099 potius

227 4100 395 4156 scribendum
412 4100 514 4171 εὐῆρες.
