2768 4994
125 282 192 347 DE
208 282 303 348 ΝΟΜ.
324 279 489 359 QUORUM
502 282 616 348 ellan.
631 283 707 351 EST
720 272 851 352 SIGMA.
874 288 906 352 C.
923 288 944 352 1.
965 293 994 364 S.
1008 289 1037 355 3.
1075 287 1141 363 dl!

10 447 353 530 ril.c.111.s.2‚337.
380 447 1141 534 Praetermissumestllopoerapccdeqnodtiohol

10 549 74 612 ds,
99 545 287 610 Bernhard.
312 545 351 610 ad
371 547 461 612 Dion.
482 547 549 610 Per.
573 547 642 612 ⁷37.
664 545 729 612 non
750 549 797 614 sic
818 550 918 615 solum
939 553 994 618 sed
1009 561 1043 618 et
1058 557 1143 637 Hom

10 641 186 719 advocatos
206 654 236 710 et
259 641 483 726 Παρσαμισσός
503 647 597 712 scribi
620 653 801 727 attestatum
833 648 999 731 eademque
1019 653 1051 718 in
1072 653 1142 726 aliis

10 746 259 808 noonstantio:
295 741 438 826 Mdpacor
459 746 570 810 Cariae
590 746 665 810 orbs
688 745 793 825 Steph.
814 746 845 810 in
867 747 935 814 eod.
955 749 1048 818 lllred.
1067 747 1142 821 md-

10 859 133 918 ιισσοι,
160 850 202 908 ut
220 843 282 908 alia
303 845 393 926 lmjns
415 845 551 925 regionis
575 844 688 925 oppida
709 845 807 924 sigma
829 845 960 930 duplex,
980 857 1141 920 occentum
1177 880 1179 884 ·

10 960 87 1008 rere
115 959 213 1006 nunc
233 944 265 1006 in
282 944 387 1008 ultima
399 944 515 1008 liabent
533 939 714 1024 Τσμνισσός,
731 937 883 1021 ‘rosade
909 943 1058 1028 Θεμισσάσ
1078 943 1141 1020 άπὸ

10 1041 195 1123 Θεμισσοῦ
216 1043 323 1122 Steph.
348 1035 554 1124 Πιάνηλισσός
574 1043 676 1106 Strnb.
696 1036 789 1124 Ἰάβις
809 1039 862 1108 καὶ
879 1036 1037 1126 deprecor,
1059 1065 1141 1114 nunc

10 1145 37 1204 m
62 1140 325 1220 antepenultima
342 1135 522 1224 Ἀράβισσος
542 1140 674 1204 llierool.
698 1157 723 1206 e.
744 1141 793 1206 41.
815 1138 1044 1224 Βαρβάάισσσς,
1067 1143 1141 1214 lida

10 1240 140 1316 δισσος,
169 1233 338 1320 Δέσβισσοι
364 1239 454 1304 iidem
476 1241 642 1320 Διρβάιιιαι
670 1240 775 1321 steph.
789 1239 816 1282 ¹³
843 1257 1072 1325 qnorumtqaac
1099 1247 1141 1310 sit

10 1340 199 1404 verissima
227 1339 381 1416 scriptura
408 1355 509 1418 nepae
539 1356 577 1401 ex
598 1339 753 1403 literarum
774 1341 969 1406 monimentis
991 1345 1140 1422 cognosci

10 1454 123 1517 neque
149 1437 364 1516 grammaticis
386 1437 558 1502 rationibus
580 1437 685 1500 doceri
706 1444 820 1519 potest.
848 1439 926 1504 Nam
940 1439 1023 1519 qood
1036 1441 1141 1508 Elmat-

11 1536 99 1614 lejus
125 1534 293 1598 contendit
307 1535 353 1598 ,ad
374 1534 447 1599 0ed.
465 1535 496 1600 C.
512 1535 582 1602 683..
604 1533 749 1618 Κηφισός
769 1537 964 1602 scribendam
984 1555 1058 1606 esse
1077 1556 1142 1604 aon

17 1629 209 1715 Κηφισσός,
234 1635 306 1714 qnia
326 1650 477 1714 nusquam
497 1631 655 1716 Κηφισός
676 1635 807 1718 legatur,
829 1637 945 1700 valeret
967 1634 1085 1716 aliquid
1100 1639 1139 1720 si,

16 1734 69 1810 qui
94 1728 213 1796 ἐλάττω
235 1732 374 1796 dixerunt
395 1739 426 1794 et
455 1728 607 1814 περισσός,
635 1728 838 1812 κυπάριττος,
866 1729 1022 1816 θάλαττα,
1048 1735 1141 1804 iidem

14 1823 147 1904 Ἷλιισὸς
172 1830 327 1894 dixissent
348 1838 379 1895 et
403 1827 591 1914 Παρνασσός.
635 1831 696 1896 Sed
718 1833 920 1894 communium
940 1839 970 1896 et
991 1836 1141 1915 proprio«

20 1945 88 1990 rom
114 1947 234 1992 norma
254 1946 317 1992 non
339 1928 445 1995 eadem
464 1936 520 1993 est.
549 1931 582 1994 Si
605 1937 706 1993 tamen
726 1946 838 1994 nomen
860 1929 934 1994 illud
954 1931 1140 1998 iotanatnra

22 2026 153 2106 longum
171 2028 265 2091 habet
277 2035 310 2088 ut
328 2023 477 2108 Πάμισος,
499 2031 597 2108 sigma
611 2029 742 2108 simplici
757 2029 851 2092 scribi
864 2029 965 2113 debet,
987 2047 1056 2100 nam
1069 2042 1140 2099 ante

23 2112 63 2187 σῖι
89 2129 162 2188 iota
194 2127 288 2188 breve
317 2135 365 2190 est
384 2123 499 2208 Ἴσιος,
527 2127 636 2200 πίσσα,
664 2127 824 2190 Φοίνισσα.
865 2127 930 2190 dam
952 2135 1078 2196 transeo
1100 2131 1141 2204 ad

27 2226 196 2303 taminina;
227 2239 355 2304 quoram
370 2225 611 2288 Choerolroscos
630 2225 699 2290 236.
721 2225 781 2290 duo
805 2227 892 2289 allent
913 2233 1056 2308 tanquam
1076 2245 1140 2295 uno

27 2324 128 2402 sigma
160 2325 281 2404 scripta
310 2319 433 2406 Λάρισα
449 2331 492 2388 et
520 2321 646 2405 σάρισα,
676 2324 759 2405 qood
786 2326 832 2388 sic
853 2325 963 2405 legitur
983 2328 1140 2398 inmollis

30 2421 117 2486 codd.
140 2423 258 2486 Lucan.
280 2423 354 2486 Vlll.
369 2422 438 2487 298.
452 2422 488 2486 Χ.
502 2423 552 2487 47.
567 2422 623 2486 scd
636 2423 728 2503 volgo
742 2441 797 2504 per
810 2410 869 2504 583
890 2425 1011 2491 tertium
1025 2444 1054 2508 p.
1071 2426 1139 2504 199.

20 2512 135 2596 ”Epioe
158 2513 204 2594 ὥς
223 2516 362 2604 Λάρισα,
396 2521 572 2601 Stephanus
594 2539 667 2585 vero
681 2517 814 2604 Ἑσισσα
835 2517 876 2598 ὡς
896 2519 1057 2604 Anotera,
1082 2524 1139 2590 sed

31 2616 113 2681 addit
136 2637 156 2682 a
179 2620 332 2698 Dionysio
354 2629 446 2700 poeta
466 2620 594 2684 mediam
617 2627 790 2702 correptam
807 2639 897 2702 essc;
920 2623 1139 2686 ceteraomnia

33 2731 209 2782 consonam
229 2721 383 2797 geminant
396 2715 524 2782 ”accae
546 2718 623 2782 Dido
647 2737 674 2782 v.
696 2719 827 2784 Goeller.
852 2718 890 2784 de
904 2721 1050 2799 Syracus.
1068 2720 1140 2788 250.

36 2816 178 2882 Γεάισσα
193 2817 325 2884 Orestae
345 2820 447 2882 natrix
465 2817 577 2882 dasch.
599 2817 733 2898 Choeplr.
749 2819 817 2883 727.
837 2836 895 2900 pro
910 2835 971 2898 quo
987 2835 1068 2884 nuno
1084 2821 1139 2886 itta

34 2915 120 2978 λισσα
139 2923 312 3000 receptum,
341 2919 493 2982 Πίσνισσα
520 2917 587 2980 sive
616 2916 762 2991 Ιάινισος
789 2935 822 2981 v..
840 2917 947 2985 Tasclt
968 2916 1007 2981 ad
1037 2918 1139 2990 Strab,

37 3012 96 3077 llll.
128 3016 199 3082 184.
226 3011 383 3096 Θέρμισσα
404 3023 434 3079 et
457 3010 615 3097 Νὲβρισσά
637 3016 737 3080 strab.
761 3010 898 3096 potcaa
924 3015 1050 3083 Ptolem
1077 3017 1140 3083 Pa·-

36 3113 120 3178 nissa
141 3116 255 3179 dumus
277 3115 352 3178 Plin.
376 3116 424 3180 tv.
439 3115 486 3180 18.
507 3117 578 3179 item
599 3120 633 3178 ut
653 3114 840 3196 appellativa
858 3110 993 3195 άριιισσα
1012 3112 1141 3196 αἱμασιά

39 3209 107 3274 llos.
129 3215 219 3295 quod
232 3222 317 3278 recte
339 3230 407 3278 com
428 3209 519 3293 άρσιξ
540 3207 620 3288 aldor
640 3207 783 3296 ἀκάνθης
802 3220 835 3276 et
848 3208 961 3294 άριιεζα
980 3208 1075 3288 τόπος
1088 3213 1140 3280 αι’-ι

40 3309 196 3396 μασιιάδης
218 3314 387 3395 conterunt,
398 3313 425 3352 1*
446 3318 477 3374 et
497 3307 622 3393 μέλισσα
632 3315 699 3378 sire
719 3309 1141 3396 paracoemomenum,

42 3408 119 3484 quod
140 3419 171 3485 §-
201 3409 228 3475 l.
256 3411 471 3493 tractavimus,
498 3406 643 3474 θάλασσα
670 3419 700 3476 et
724 3407 880 3490 θάλιιιια,
909 3409 966 3474 sed
986 3427 1140 3492 nunquam

41 3497 152 3572 άιαιια
164 3509 217 3574 rel
229 3504 558 3591 saepememorati
571 3511 620 3573 rel
633 3509 716 3574 aliud
727 3511 862 3576 motione
875 3507 995 3576 sandali
1009 3509 1141 3576 declina-

45 3609 109 3687 tum,
133 3624 172 3671 ne
186 3607 268 3690 apud
281 3608 402 3672 intimos
414 3608 538 3689 quidem
553 3609 739 3674 Graecorum
752 3610 804 3690 qni
815 3603 958 3690 μάγισσα,
977 3603 1140 3688 μάιιισσσ,

107 3853 150 3921 13)
168 3856 307 3912 Praetereo
326 3858 425 3911 incerta
441 3855 572 3925 κράάισος
589 3870 635 3910 vas
653 3857 779 3912 vinarium
797 3857 862 3911 Poll.
887 3853 1007 3925 μάάισσς
1032 3855 1140 3908 δίκελλα

48 3927 104 3986 llas.
136 3938 255 3996 Aroissus
273 3941 321 3993 viri
341 3953 436 3995 nomen
453 3939 523 3994 Curt.
541 3938 571 3993 x.
589 3940 631 3996 27.
653 3945 706 3997 etc.

109 4035 151 4105 14)
169 4039 253 4094 Cram.
272 4039 306 4094 ΙΙ.
325 4039 384 4096 347.
406 4037 554 4109 donizonem
572 4039 661 4098 innoc,
679 4039 718 4092 ἔτι
736 4039 767 4092 δὲ
786 4041 833 4092 arel
851 4037 1013 4110 άρπαιιτικῆ,
1031 4038 1142 4098 tccmse

50 4123 91 4174 llo
107 4115 224 4188 άρσισσα
242 4127 271 4177 ot
283 4120 413 4192 Ἀρπιννα
432 4122 475 4180 rel
492 4137 642 4192 paragogen
659 4124 691 4178 ab
710 4120 832 4194 άριιετός.
