2768 4994
166 286 218 352 DE
239 283 335 350 ΝΟΜ.
357 277 521 361 QUORUM
543 279 655 345 cllum
675 280 752 346 EST
773 279 904 346 stultu.
935 281 967 348 C.
981 279 1030 350 III.
1082 282 1144 352 dat

8 453 93 518 νῦν
124 448 260 533 idapem
281 448 384 515 Sobel.
405 447 439 512 Il.
459 445 536 510 XIII.
551 444 621 512 363.
645 439 850 526 Σαγάλασσος
868 441 984 529 λέγεται
1003 445 1057 512 καὶ
1070 445 1146 516 Σὲί·

8 564 157 635 γησσος
178 550 281 632 Stcpb.
304 549 342 612 cl.
365 544 496 610 Ellendt.
517 543 556 609 ad
576 543 697 608 Arriam.
719 544 740 610 l.
762 545 811 628 28,
833 545 862 610 3.
905 547 934 610 A
955 543 1090 630 thermis,
1111 555 1146 616 ut

8 652 178 732 videtur,
207 648 329 712 ductum
351 645 473 710 Cereris
501 658 672 722 cognomen
697 645 852 724 Θερμασία
879 646 970 709 Pons.
989 645 1025 711 ll.
1045 647 1095 730 3l,
1115 648 1164 714 6.ι

9 760 50 816 et
83 750 144 815 12.
165 748 304 812 inlibris
331 743 487 808 nonnullis
512 742 667 823 Θερμησία
687 745 835 825 scriptum
857 751 920 822 est,
950 746 1145 829 improbante

11 848 219 916 Siebelisio.
260 845 436 924 Lycaoniae
463 857 562 923 pagus
583 843 614 905 in
637 842 800 906 Strabonis
821 843 908 907 libris
930 840 1145 924 Κορόαασσος,

9 951 51 1012 in
88 946 231 1011 nummis
259 937 458 1025 Κορόαισσος
483 947 613 1004 voantur
639 958 666 1006 v.
692 940 817 1005 Eckbel.
842 942 947 1008 Doctr.
970 943 1002 1006 Τ.
1023 943 1072 1009 lll.
1093 943 1143 1010 30.

14 1047 173 1126 (omiss.
199 1045 232 1108 in
261 1042 366 1123 l'bes.)
395 1040 497 1122 Alpba
529 1039 561 1103 iu
588 1040 713 1120 ppsilon
750 1041 912 1106 transiisse
949 1044 1146 1109 consentiunt

15 1143 237 1210 Grammatiei
258 1141 439 1224 adjectivum
460 1131 642 1218 διαπρύσιος
662 1137 741 1202 idem
758 1139 861 1202 valore
876 1147 1049 1205 statuentes
1062 1140 1145 1224 qued

17 1236 280 1322 διαπορεύσιμος
307 1239 358 1303 val
384 1233 601 1319 διαπεράσιμος
622 1237 726 1301 Sobel.
747 1238 780 1302 ss.
801 1238 876 1302 llll.
898 1238 967 1303 227.
987 1239 1050 1304 XII.
1071 1239 1143 1304 439.

17 1360 90 1407 nec
119 1339 215 1404 dubia
236 1345 285 1403 cst
307 1338 521 1402 aducrbIorum
541 1331 638 1416 πέραν
665 1330 826 1417 circipene
855 1339 1008 1416 coguatio.
1049 1337 1145 1420 lipsi·-

18 1443 86 1506 lon
114 1445 150 1503 et
171 1439 237 1502 iota
257 1436 336 1500 idem
353 1436 434 1515 juris
457 1435 594 1500 obtinent
614 1435 782 1498 innomine
796 1430 1009 1518 urbis'ln'paoa
1021 1431 1144 1520 ”Epona

19 1539 165 1605 Nullum
187 1534 337 1618 ejusmodi
359 1534 565 1598 testimoniam
586 1534 733 1598 babemus
756 1533 794 1597 de
814 1535 909 1598 Asiae
930 1536 1057 1601 urbibus
1075 1538 1146 1600 Τεί-

23 1635 161 1721 μησσός
192 1628 373 1715 Τείμασαός,
412 1627 798 1714 superobumbrans,
834 1633 891 1698 sed
918 1634 1146 1716 praeponderat

26 1745 86 1801 eta
120 1734 207 1816 quod
236 1733 409 1814 Stephanus
437 1733 506 1813 ipse
534 1731 759 1814 quodammodo
789 1732 946 1796 conlirmat
967 1737 1147 1815 quamvisa

25 1835 179 1898 librariis
209 1848 304 1912 saepe
338 1838 519 1912 corruptus:
554 1825 730 1914 Σινδησσός
758 1831 879 1914 Καρίας
907 1825 950 1906 ὥς
983 1828 1147 1916 Τείρισσός

30 1934 115 2015 (sic)
148 1969 189 1980 —
214 1923 380 2012 Ἀγορησός
408 1931 596 2013 Καρίας-
619 1924 802 2014 Ἀγαρησεύς
827 1923 871 2004 ὦς
902 1925 1064 2012 Τείμασεύς
1094 1929 1147 1998 καὶ

37 2025 214 2115 Τυμνησός
240 2025 438 2112 Τυμνησεύς·
473 2026 603 2095 δύναται
622 2027 676 2095 καί
689 2023 870 2111 Ἀγορήσιος
896 2022 939 2104 ὡς
959 2027 1145 2114 dompmea,

33 2149 101 2214 quo
134 2131 207 2194 loco
236 2130 268 2192 in
288 2128 356 2194 cod.
378 2129 471 2195 llbed.
494 2137 649 2195 serratum
671 2133 720 2194 est
745 2123 943 2210 lbpvpccads
969 2130 1067 2210 sigma
1087 2147 1146 2211 ge-

35 2232 160 2294 minato
190 2235 224 2292 ut
252 2234 283 2292 et
310 2236 414 2292 cetera
435 2230 529 2293 scribi
557 2231 701 2294 conuenit
722 2235 850 2309 propter
872 2229 1058 2308 erutonesiu
1079 2230 1146 2312 pri·

35 2330 229 2393 mitiuorum.
283 2327 343 2392 Pro
364 2322 522 2406 ’Ἀρίιπος
557 2344 682 2410 quoqne
710 2328 743 2390 in
768 2327 834 2390 ΕΜ.
862 2328 929 2392 sine
955 2327 1146 2394 dubilationo

39 2425 242 2492 scribendum
277 2433 326 2490 est
345 2421 512 2509 ’Ἀρδηττος
539 2427 605 2490 sive
632 2427 737 2508 potius
760 2419 922 2509 Ἀρόηττός
948 2426 1026 2492 Plut.
1055 2427 1146 2492 lbos.

40 2544 66 2590 o.
97 2527 150 2592 25.
180 2543 237 2606 pro
271 2520 427 2604 Κόρισσος
458 2526 525 2590 sive
559 2520 717 2609 Κορεσσός
750 2527 887 2619 similiter
923 2521 1086 2608 Κορησσός
1118 2544 1147 2591 v.

42 2624 219 2689 Tzscbuclr.
249 2623 286 2688 ad
309 2624 410 2688 Strab.
432 2623 468 2688 X.
492 2624 561 2690 325.
583 2641 640 2705 prc
670 2625 817 2698 Χαίίσιος
844 2620 1000 2710 Χαδήσιος
1020 2643 1048 2690 v.
1069 2623 1148 2688 Adn.

40 2724 81 2788 ad
102 2723 253 2804 Apellen.
273 2723 308 2787 ll.
331 2722 418 2787 1000.
440 2723 496 2788 sed
517 2724 675 2805 Κρίμησος
701 2724 950 2808 postponendum
977 2724 1149 2804 sculpturae

44 2821 311 2888 aCboerobosoo
334 2827 479 2901 receptae
500 2823 660 2904 Κρίμισορ.
701 2824 747 2887 Dc
773 2823 944 2887 rarioribus
966 2829 999 2887 ut
1024 2823 1148 2906 Ibiqu-

44 2917 99 2996 ode
123 2929 155 2987 el
182 2915 334 2994 Τυλίσσός
355 2920 396 3001 (v.
417 2920 533 2986 Hoeck.
556 2922 634 2986 Cret
655 2920 677 2985 I.
699 2921 768 2986 432.
790 2922 838 2986 III.
861 2919 1149 3006 418.)Μερμησσός

48 3029 76 3084 et
97 3015 303 3102 Μαρμαρσός,
325 3036 403 3100 quas
425 3019 518 3085 urbes
540 3020 716 3102 Stepbuuus
738 3019 869 3086 diversis
890 3021 969 3087 locis
991 3031 1148 3103 memorat,

46 3121 233 3202 interpretes
253 3126 355 3183 autem
377 3117 501 3182 easdem
523 3125 640 3202 putant,
661 3135 712 3182 res
733 3120 766 3184 in
783 3119 883 3184 medio
897 3120 1075 3204 reliquenda
1089 3129 1147 3188 est.

49 3218 136 3294 Quod
160 3235 234 3284 vero
256 3215 407 3282 interdum
430 3212 585 3299 Παμασός
612 3218 757 3284 scribitur
783 3237 812 3282 u.
844 3219 952 3286 Tzscb.
980 3221 1019 3288 ad
1048 3222 1148 3288 Strab.

48 3317 123 3382 lllll.
156 3316 206 3384 29.
233 3324 264 3382 et
292 3311 451 3398 Κηρεισός
479 3315 914 3400 dorp.1osor.u.at5.nou
941 3318 1149 3400 diphthongus

50 3423 96 3480 est
117 3416 177 3482 sed
197 3417 308 3496 longae
328 3414 447 3479 vocalis
468 3415 628 3498 indicium;
656 3416 695 3481 ab
722 3416 818 3481 altero
849 3415 1017 3482 demnatum
1038 3434 1150 3482 nomeu

52 3515 189 3582 l'babani
218 3515 352 3580 tibicinis
381 3515 539 3596 Καφισίας
564 3517 596 3580 in
622 3517 692 3580 Alb.
722 3515 798 3580 XIV.
825 3513 894 3581 020.
922 3515 959 3582 ll
988 3533 1149 3600 perperam

54 3615 219 3698 Καρησίας
239 3613 393 3678 scribitur.
435 3613 572 3678 Alincum
601 3615 753 3680 vocalium
775 3614 961 3678 mutationes
982 3614 1040 3680 bae
1061 3621 1148 3678 sunt:

52 3713 295 3796 Mesopotamiae
317 3711 461 3794 oppidum
480 3729 498 3776 a
518 3713 642 3778 Zosimo
664 3708 838 3796 Κιραήσιοα
859 3713 980 3791 (omiss.
999 3713 1032 3776 in
1046 3712 1150 3794 lbos.)

56 3811 186 3878 alatinis
203 3811 382 3877 auctoribus
391 3811 554 3877 Circessns
568 3819 599 3876 et
606 3811 798 3878 Cercusium¹
811 3809 922 3890 dicitur
935 3828 964 3873 n.
982 3811 1151 3878 Tascbuclr.

120 4031 147 4098 ¹)
164 4030 211 4086 Sic
227 4025 408 4086 Ποικιίασσόσ
426 4029 453 4084 iu
469 4025 553 4082 bnon.
571 4025 711 4086 Stadiasm.
730 4039 754 4082 o.
775 4023 834 4084 dli.
859 4024 928 4092 apud
953 4022 1062 4081 Ptolem.
1089 4025 1151 4076 tree-

59 4111 201 4173 κιλὰσσιον,
222 4111 333 4183 Βάβρας
346 4110 520 4181 Βαβράντιον
538 4114 588 4167 elo.
