2758 4994
210 269 273 334 na
294 268 512 350 uommmm
534 269 576 336 m
595 267 891 355 comunimus.
921 278 951 349 ο.
967 272 997 341 s.
1093 274 1160 346 am

29 437 126 502 stmri
149 441 275 519 potest
295 449 485 516 paragogum
507 452 589 502 esse.
627 432 779 515 Κίκορὁς
803 428 979 517 modo
1006 455 1026 502 a
1051 437 1159 515 κίκκορ

21 523 59 600 οἱ
71 537 172 600 etune
186 535 321 616 pollion
338 533 522 614 productum
540 537 764 601 cucumientcm
785 536 927 616 exprimit
947 537 985 604 oi.
1002 537 1157 620 Aglaopl.

29 635 120 699 1316.
143 635 266 698 adnot.
288 631 482 698 Theodosius
505 631 634 700 Gramm.
656 653 685 716 p.
710 635 758 700 71.
779 634 971 715 italoquitur
985 652 1022 702 ao
1036 637 1159 717 siquae

27 735 58 797 iu
82 721 160 818 'eff
187 738 312 797 exeunt
343 731 497 811 disyllaba
526 733 589 796 sim
617 736 728 796 omnia.
770 733 926 798 dominius
946 740 1034 798 arcet
1054 748 1157 806 mecm

28 833 94 895 llll.
118 833 199 916 318,
226 833 280 898 53.
302 825 341 895 τὰ
362 831 403 905 εἰς
424 818 476 913 spes
497 825 644 896 οὐὸέαοτα
665 828 723 914 ἔχει
742 824 778 895 τὸ
797 833 814 892 ῐ
835 825 935 912 μόνον
955 824 1017 896 ἀλλ’
1039 828 1061 914 ἢ
1080 831 1155 914 μετὰ

27 933 84 994 τοῦ
106 928 136 994 ὦ
164 934 290 1018 πρῷρα
315 927 337 1014 ἢ
364 924 439 1011 μετὰ
464 931 523 993 τοῦ
548 929 570 994 ῖο
598 934 719 1012 σφαῖρα
748 925 769 1012 ἢ
795 925 871 1011 μετὰ
898 929 995 998 ecee·
1021 926 1153 1015 δότειρα.

29 1031 258 1112 Σεσημείωται
285 1025 323 1093 τὸ
349 1023 415 1113 εἶρα
442 1027 496 1092 καὶ
517 1025 636 1113 Κάειρα
655 1023 921 1112 α’μφιβαλλόμανα,
950 1029 1011 1094 hoe
1033 1037 1081 1096 est
1102 1033 1155 1099 ia·

30 1128 151 1192 tardum
176 1147 242 1210 per
271 1131 337 1194 iota
358 1131 488 1209 scripta.
503 1165 544 1175 -
558 1129 643 1205 Quae
666 1128 804 1194 omicron
825 1129 858 1192 in
881 1127 1019 1210 paratoni
1040 1129 1157 1199 labent

31 1227 184 1309 pleraque
215 1235 295 1296 sunt
323 1228 487 1292 liemarum
518 1228 644 1294 nomine
670 1227 915 1310 inexplicabilia,
946 1223 1060 1309 ἄκορος
1086 1231 1158 1316 siue,

32 1322 211 1411 impone»
243 1323 399 1409 βόνοοοο
417 1363 459 1374 --
480 1347 553 1406 ooo,
576 1320 734 1406 saumata
753 1359 796 1375 -
815 1346 890 1406 pov,
917 1325 1044 1407 atavam
1070 1327 1158 1410 quea

34 1427 123 1506 vulgo
154 1422 312 1508 οαχώροον
339 1425 465 1508 dicitur,
495 1419 646 1504 κόρκορος
663 1440 731 1488 seu
757 1417 924 1506 κάρχαρος,
959 1425 1051 1492 edulii
1078 1443 1153 1493 vere

35 1521 148 1604 ὅμορος
178 1525 353 1593 admodum
373 1526 461 1589 varie
489 1525 638 1604 scriptum
659 1541 687 1586 v.
709 1523 957 1602 schweigtams.
981 1523 1020 1588 ad
1041 1525 1160 1600 athen.

37 1624 67 1687 Τ.
90 1626 126 1689 ll.
149 1625 229 1690 265.
244 1625 277 1664 ao
318 1624 402 1687 llaec
423 1625 517 1704 igitur
537 1622 651 1686 nullam
670 1638 779 1696 ansam
809 1622 975 1704 praebent,
1002 1618 1154 1707 βόρβορος

36 1741 106 1787 uem
134 1724 310 1806 duplicem.
352 1723 430 1786 Nam
459 1723 487 1786 si
519 1721 620 1786 herba
647 1723 714 1786 sive
743 1721 858 1804 barba,
891 1720 975 1801 quod
1000 1723 1151 1791 Latinitas

38 1821 125 1884 medii
146 1823 223 1886 aevi
248 1823 454 1903 frequentavit
476 1825 642 1900 servatque
657 1835 759 1885 sermo
775 1819 1025 1904 francogallicns,
1045 1825 1151 1894 nativo

39 1921 212 1996 proximum
237 1923 398 2002 ponimuS,
426 1937 541 2000 graeca
569 1935 631 1980 vox
652 1935 670 1982 a
697 1916 913 1996 monosyllabo
938 1922 1035 1984 crevit
1056 1921 1152 1986 redu·

41 2016 208 2094 plicatione
232 2018 283 2082 vel
305 2020 414 2082 initiali
434 2019 483 2084 vel
513 2016 672 2082 terminali.
717 2015 780 2080 Sed
809 2014 916 2080 eadem
945 2034 1014 2084 cum
1040 2039 1158 2100 κορκο-

41 2112 113 2198 pepp
136 2124 168 2180 ct
198 2114 434 2200 κορκορογμός,
462 2135 524 2198 quo
553 2115 742 2195 significetur
769 2113 977 2180 buthaliorum
1007 2117 1073 2181 sive
1100 2119 1152 2182 in-

43 2218 225 2280 testinorum
247 2233 398 2300 mmmm,
427 2233 495 2280 cum
522 2209 699 2295 κορκοῤῥόοι
725 2205 888 2295 ὑδροῤῥύα
917 2213 988 2278 llcs.
1019 2222 1050 2280 et
1082 2232 1150 2292 cum

43 2313 131 2377 uerbo
155 2310 329 2397 μορμύρω,
351 2316 563 2396 μορμνρι’ζω’Η
585 2329 652 2377 eam
674 2312 902 2378 similitudinem
922 2311 1016 2378 hebet
1032 2321 1150 2382 utteta

45 2411 162 2478 laeticia
198 2415 341 2480 videatur
371 2415 409 2478 ad
446 2411 675 2494 exprimendum
707 2427 819 2476 sonum
846 2411 897 2492 qui
930 2427 1030 2476 coeno
1063 2421 1149 2478 meto

46 2513 152 2580 existit.
195 2518 226 2580 Α
246 2508 355 2597 poppe
378 2515 535 2596 processit
557 2507 714 2594 μόρμυρος
741 2502 759 2572 ὁ
786 2506 887 2592 φόβος
913 2509 985 2576 Hcs,
1020 2518 1050 2574 et
1076 2535 1151 2595 pop-

45 2608 191 2691 μορωπός.
236 2617 266 2677 Α
286 2609 403 2688 σοέννας
423 2615 559 2678 iertasse
587 2606 740 2692 σοὶννορος
764 2611 868 2692 μῶρος
895 2605 981 2692 παρὰ
1000 2602 1150 2679 Ῥίνθανα

45 2705 112 2774 lies.
132 2719 164 2774 et
186 2713 386 2792 Σαννυρίων.
428 2713 474 2776 De
496 2711 658 2792 adjectivis
678 2705 811 2792 μολορός
832 2716 863 2776 cl
888 2705 1041 2792 μολυρός,
1069 2729 1149 2792 quae

47 2803 214 2887 Hesychius
249 2812 358 2878 eodem
391 2813 487 2876 verbo
523 2812 744 2890 interpretatur
773 2803 926 2892 λυπηρός,
958 2812 1162 2892 proprioque.

51 2965 336 2984 m

50 3061 91 3116 ssd
108 3065 172 3121 illud
191 3069 220 3122 in
239 3062 317 3122 codd.
336 3068 426 3130 restat,
449 3062 574 3130 idemque
592 3057 705 3112 Arcadio
723 3071 750 3126 p.
768 3053 817 3124 ῚΓ,
842 3057 885 3115 22.
911 3057 1074 3116 reddendum
1100 3077 1147 3130 pro

52 3143 171 3217 οοοειρος.
189 3153 309 3221 Ξίφιρος
325 3146 438 3216 Hesych.
458 3144 586 3199 nonnullis
606 3148 766 3211 suspectum.

108 3249 152 3318 39)
170 3251 229 3306 Ηοα
248 3250 358 3305 lortasse
377 3259 529 3314 paragogen
548 3248 588 3300 cst
606 3241 638 3296 ab
657 3239 710 3304 ανῆ
734 3245 762 3294 ut
789 3239 894 3308 ἄκορνο
920 3239 1008 3308 planta
1030 3243 1146 3312 spinosa,

51 3325 165 3401 ’Λκορραι
189 3342 217 3392 et
238 3333 365 3403 Ἀκώριαι
389 3329 512 3384 ἄκανθαι
529 3327 591 3384 llos.
619 3339 728 3394 quorum
746 3325 873 3392 scriptura
886 3324 987 3380 incerta
1003 3325 1052 3382 sed
1071 3327 1146 3383 deri-

53 3415 111 3468 uatio
128 3419 154 3470 in
172 3419 320 3488 propatulo.

111 3500 153 3568 lo)
175 3501 300 3559 Noutrale
321 3499 501 3566 Theognostus
521 3495 577 3551 tet.
596 3509 674 3547 unum
692 3490 767 3546 allert
785 3487 946 3558 ἀνάκτορον,
967 3491 1000 3548 de
1021 3508 1072 3562 quo
1092 3495 1145 3549 dixi

55 3575 76 3629 il
102 3580 190 3639 Parati.
215 3585 274 3642 273.
300 3582 358 3648 (ulti
390 3579 538 3636 addendum
561 3576 701 3640 silentiar
721 3571 806 3626 Ἐνυώ
829 3573 913 3628 Noun.
935 3573 1048 3632 xxvtll.
1072 3577 1146 3648 289.)

56 3659 121 3727 Apud
138 3667 231 3725 Arcad.
251 3683 277 3737 p.
298 3668 340 3722 tl.
360 3665 405 3718 ubi
424 3663 458 3720 de
476 3663 639 3732 simplicibus
664 3659 791 3728 loquitur,
813 3655 936 3726 princpes
960 3659 1081 3713 mendum
1106 3667 1146 3716 est

57 3754 95 3806 lile
110 3748 230 3824 Πάκορος
248 3757 275 3806 et
292 3744 390 3819 ἄκορος
407 3763 454 3818 pro
474 3747 574 3818 ἄκορος
592 3745 635 3801 vel
656 3744 770 3811 ἄκορος,
792 3741 895 3796 tertium
917 3739 1074 3814 κατάμορος
1098 3759 1145 3813 pro

57 3824 184 3902 κάμμορος
203 3835 232 3890 id
250 3839 291 3890 cst
305 3830 470 3900 κάμμαρος,
495 3847 511 3886 a
535 3846 586 3900 quo
611 3829 657 3884 ille
682 3827 794 3882 tortasse
823 3823 938 3878 distinxit
964 3827 1145 3896 compositum,

60 3911 117 3972 l¹1⁰d
133 3931 178 3984 per
193 3916 350 3988 κατάκορος
369 3915 494 3984 explicari
514 3916 591 3971 solet.

112 4013 154 4082 lt)
170 4019 317 4089 Hesychius
334 4018 490 4086 Βορβορίζει
507 4011 635 4084 γογγύζει
650 4009 772 4082 poldon,
792 4022 902 4080 quorum
920 4007 1029 4062 alterum
1047 4007 1080 4061 ad
1092 4023 1144 4064 au-

62 4083 128 4149 ffiilm
142 4106 251 4166 pertinet
268 4107 296 4158 ut
313 4098 465 4172 Βομρρύζεο
483 4095 650 4168 τονθορύζεο,
669 4097 779 4153 altanum
795 4093 829 4150 td
849 4096 996 4150 contactum
1015 4095 1103 4148 coeni.
