2758 4994
225 271 297 340 Μ
591 257 914 329 nissnnnh'tttt
949 257 986 322 V.

213 443 265 504 ‘ut
285 425 462 516 nododdaiq
485 447 543 513 pro
564 425 745 508 οόψωρος16
767 425 822 492 sed
843 429 963 490 mutua
982 424 1100 507 rooali,
1122 432 1155 488 ut
1174 425 1359 509 πυλαυρός

235 553 292 620 pro
319 527 463 612 aetneis
492 536 523 594 et
543 525 673 610 τριῶλαξ
698 521 813 610 δρόμος
832 525 905 588 iles.
926 540 983 604 pro
1003 525 1147 605 τρίαυλος
1173 534 1242 591 eto,
1278 531 1359 591 simu

239 639 311 720 pler
338 649 425 715 vero,
449 635 483 693 nt
511 637 620 692 nostra
651 629 710 690 lert
740 625 861 706 opinio,
892 621 975 703 quod
1003 623 1234 703 introeas.
1263 627 1359 690 codd

236 733 375 802 nonnulli
398 728 549 812 praebent
569 722 708 806 κὸοοωγα
727 718 920 805 κομπάζοντα
932 719 1119 803 μαψαύρους
1131 721 1279 805 στόβους
1300 727 1359 788 heu

238 842 287 900 est
302 829 479 916 putredines,
501 825 558 890 sed
571 825 663 904 uulgo
686 825 797 904 legitor
817 815 985 903 μαψαύρας
1005 823 1095 902 quasi
1116 822 1359 894 substantivum

239 929 434 998 substantivo
464 926 656 1008 appositum3
693 921 776 1004 quod
804 937 896 1002 quum
924 937 1030 1000 parum
1058 921 1214 1006 placeret,
1250 923 1359 988 Critici

240 1032 465 1098 substituerunt
490 1018 670 1107 μαψαύραις
697 1021 812 1084 colluto
841 1018 1017 1083 Callimachi
1042 1020 1137 1083 verbo
1165 1017 1273 1103 ἄλγεα
1296 1041 1359 1085 uma

241 1136 317 1212 φαῑς
336 1122 515 1210 μαψαῦραις
535 1117 668 1204 liertiae,
691 1120 744 1200 qui
765 1120 811 1182 sie
832 1118 915 1199 apud
932 1116 1097 1182 Hesiodum
1119 1119 1245 1199 legisse
1270 1120 1359 1182 vide-³

242 1239 291 1295 tur
313 1227 476 1312 μαψαῦραι
504 1230 648 1302 tanquam
678 1218 903 1283 substantivum
925 1235 963 1280 er
985 1216 1136 1297 adjectivo
1161 1233 1359 1282 conversum

243 1337 276 1394 nl
296 1329 453 1410 χαμεῦνοα
492 1320 628 1402 Simplex
647 1319 721 1384 item
741 1317 906 1397 καλαῦροψ
927 1313 1020 1393 ξύλον
1039 1305 1066 1402 ᾦ
1086 1312 1159 1391 τοὺς
1178 1315 1268 1400 βόας
1290 1313 1359 1400 βάλ’

242 1432 360 1504 λουσιν,
383 1443 401 1487 n
421 1423 518 1486 κᾶλον
539 1417 617 1500 eale,
638 1423 671 1479 ut
690 1416 843 1498 suspicor,
865 1424 897 1479 et
916 1411 1120 1498 Καλοορὸφις
1141 1417 1219 1500 (sie)
1246 1419 1359 1500 βακτρ

245 1527 305 1608 pla.
338 1523 401 1590 Sed
418 1511 642 1597 Ἀκολουρόπος
662 1513 862 1596 καλλίροβδος
882 1514 1062 1580 mendosum
1084 1521 1133 1580 est
1153 1534 1213 1596 pro
1237 1513 1359 1594 ααλόρ-

244 1625 344 1708 pantu.

329 1779 359 1846 §.
380 1769 408 1834 3.
451 1767 485 1831 ln
512 1747 589 1846 εροῖ
608 1780 687 1844 quae
715 1763 915 1826 terminantur
936 1763 1082 1846 pleraque
1104 1763 1266 1845 adjectiva
1284 1742 1359 1856 sunt

248 1892 267 1938 a
289 1869 463 1935 nominibus
486 1867 596 1946 partim
624 1864 739 1946 primae
761 1861 976 1925 declinationis
998 1857 1058 1944 δύη
1080 1860 1206 1944 δυερός,
1237 1857 1359 1946 κλαγγή

248 1964 403 2052 κλαγερός,
424 1959 529 2048 τρυφή
536 1957 697 2046 τρυφερός,
720 1961 830 2044 partim
845 1959 1165 2042 secundaeepompdq
1188 1959 1359 2047 δνοφερός,

250 2063 386 2152 ζοφερός,
408 2057 547 2144 θολερός,
570 2058 687 2142 νοερός,
711 2055 855 2138 σκοτερός
875 2060 971 2124 semel
991 2061 1104 2126 leolum
1125 2062 1263 2146 ideoque
1286 2081 1359 2128 sus-

250 2177 384 2252 pectum,
404 2157 566 2246 τρομερὸς,
587 2155 745 2242 τροχερός,
767 2155 909 2242 φοβερός,
931 2157 1072 2241 ψογερός,
1095 2179 1227 2244 querum
1250 2164 1359 2244 primi-

253 2268 315 2330 tiva
337 2271 356 2327 ὁ
376 2265 406 2326 in
429 2262 596 2345 penultima
616 2260 739 2341 habent,
760 2275 823 2322 non
843 2260 887 2321 ita
907 2259 1003 2323 multa
1023 2278 1041 2323 a
1064 2263 1271 2330 substantivis
1296 2272 1359 2326 ter*

253 2368 314 2430 liae
337 2357 398 2426 ἀπὸ
424 2363 482 2423 τοῦ
502 2355 615 2442 κράτος
642 2352 788 2438 κρατερός
814 2350 856 2430 ὦς
882 2354 994 2442 βλάβος
1022 2358 1170 2442 βλαβερός
1198 2363 1307 2428 Schol.
1327 2362 1357 2424 ll.

253 2463 275 2526 i.
299 2461 368 2526 228.
388 2456 543 2542 γλαγερὸς,
564 2454 702 2541 κρυερὸς,
724 2452 868 2539 eampis
890 2466 919 2522 et
941 2477 959 2521 a
979 2461 1106 2539 γλεῦκος
1119 2459 1271 2542 γλυκερός
1287 2479 1359 2524 eor-

254 2569 344 2642 repta
366 2559 554 2642 diphthongo
577 2576 667 2640 quam
684 2564 787 2620 servat
800 2558 942 2640 χείμερος.
963 2559 997 2628 ,Α
1010 2560 1237 2639 monosyllabis
1249 2558 1356 2626 νύκτε-

256 2655 319 2743 ρός,
332 2654 486 2740 τρυγερός,
500 2654 658 2742 φλογερός.
679 2657 852 2719 verbalium
862 2673 954 2720 unum
970 2657 1072 2740 ἵμερος
1086 2661 1285 2726 substantivo
1301 2661 1357 2724 ho-

259 2767 450 2824 motonuma
466 2760 561 2822 verbo
586 2757 725 2821 omnibus
748 2757 813 2820 suis
828 2757 967 2836 partibus
990 2757 1113 2838 expleto
1134 2768 1237 2823 ortum
1259 2759 1356 2835 habet,

258 2868 388 2924 oeteraa
402 2858 626 2939 semiperfectis
641 2856 855 2919 terminatione
877 2857 1019 2920 atfictioia
1034 2854 1176 2938 θολερός,
1197 2850 1356 2940 σφαλερός,

258 2993 299 3006 -
312 2953 448 3038 λακερὸς,
469 2951 611 3038 saepeque,
629 2949 765 3037 τακερός,
778 2949 938 3038 τραφερός,
958 2954 1102 3039 φανερός,
1124 2958 1239 3039 quibus
1257 2953 1353 3023 Sehol.

259 3055 376 3123 edin.
396 3055 463 3120 195.
487 3055 570 3118 addit
592 3048 749 3136 σμυγερός,
778 3053 860 3135 qnod
882 3054 1019 3138 plerique
1042 3074 1099 3138 pro
1120 3055 1253 3142 μογερός
1275 3057 1354 3122 acei-

259 3157 362 3238 piunt,
389 3153 439 3216 hio
465 3172 540 3217 vero
564 3170 583 3215 a
603 3147 709 3234 ομύχω
731 3153 842 3232 repetit
864 3163 1025 3238 correpta,
1046 3157 1091 3219 nti
1113 3158 1245 3242 assolet,
1267 3157 1355 3239 prima

258 3252 392 3333 ideoque
421 3259 513 3315 acuta
539 3252 645 3314 ultima
673 3250 840 3314 secundum
866 3253 1002 3332 regulam
1022 3255 1093 3319 hro.
1115 3272 1144 3336 p.
1165 3256 1215 3321 rt.
1238 3253 1277 3321 τὰ
1296 3276 1356 3336 τρι-

257 3346 370 3434 βράχεα
390 3345 531 3427 ὀξύνεται
552 3343 639 3432 εἰμὴ
661 3346 723 3431 ἔχοι
741 3341 778 3412 τὸ
796 3351 818 3412 τ’-
838 3343 899 3432 πρὸ
920 3354 978 3415 τοῦ
999 3356 1033 3430 ἔ,
1066 3371 1127 3434 quo
1149 3356 1302 3436 signifieat
1322 3349 1354 3414 ad

260 3450 374 3533 aliquid
397 3450 488 3532 dieta,
506 3445 615 3529 ἕτερος,
636 3445 778 3529 δεύτερος
798 3450 933 3533 sequior,
952 3447 1099 3532 πρότερος
1120 3461 1179 3517 ete.
1199 3473 1281 3536 quae
1298 3453 1354 3516 lle-

259 3551 407 3616 rodianus
429 3549 534 3614 Sohol.
556 3548 589 3613 ll.
605 3549 627 3613 l.
648 3549 718 3615 280.
740 3549 860 3612 literam
880 3543 951 3646 iifl
972 3568 1130 3634 paragoga
1149 3553 1268 3618 habere
1283 3550 1354 3629 dicit,

331 3848 376 3917 16)
394 3845 470 3901 ldeln
485 3844 593 3900 vellium
612 3851 653 3900 esi
670 3846 725 3915 ῥόω
744 3847 877 3916 (ῥώομαι)
898 3855 924 3904 ei
943 3851 997 3922 ὄρω
1016 3847 1130 3919 (operia)
1150 3856 1179 3904 nl
1197 3852 1252 3920 ῥέω
1265 3848 1355 3921 (ῥῆμα)

264 3939 291 3988 et
309 3932 361 4000 ἔρω
380 3928 472 3999 (ἐρέω)
492 3934 518 3984 et
535 3928 566 3982 ab
585 3927 636 3982 huo
654 3935 799 4000 composita
812 3933 963 4002 παλίνωρος
979 3934 1022 3988 rel
1040 3932 1217 4002 παλίνοῤῥος,
1244 3936 1354 4002 ἄψορρος

258 4020 289 4070 et
310 4011 450 4081 ededepos
473 4011 610 4080 εὐθυωρία
627 4013 645 4081 i.
666 4028 690 4082 q.
718 4016 888 4085 edaopopta,
914 4018 1021 4072 euniusa
1039 4017 1170 4074 interdum
1188 4033 1249 4080 oum
1269 4021 1352 4074 bono-

257 4096 351 4166 phonis
371 4108 439 4162 quae
457 4093 489 4150 ad
503 4093 566 4164 ὅρος
582 4100 609 4150 et
626 4093 682 4165 ὥρα
702 4102 839 4166 pertinent.
