2758 4994
39 284 112 349 DE
133 281 230 349 ΝΟΜ.
253 279 419 358 QUORUM
440 281 555 348 CHAR
579 282 655 348 EST
676 283 866 351 alumnis,
890 286 922 352 C.
944 287 980 354 ll.
1001 295 1031 365 ς.
1046 291 1075 356 2.
1101 289 1170 360 lm

35 450 107 514 37.
137 442 256 523 Κόίοηο
281 445 393 510 dieitur
421 447 542 528 (omiss.
569 447 602 512 in
632 448 700 529 Tb.)
729 465 792 512 non
821 458 963 534 oonstat3
996 447 1091 532 Ἰαπίς
1119 459 1167 522 sle

39 544 324 630 pronunciandum
345 543 466 610 uidetur
489 553 521 610 ut
538 540 652 624 Ἰάους.
681 547 872 630 [ίίοίιίίίοοςί
884 553 1055 634 exemplum
1068 569 1170 636 praee,

37 648 110 712 bet
127 641 282 728 μόναιπος
303 643 395 708 boris
408 647 580 726 paeonieaa
601 663 714 711 nomen
727 653 759 711 et
775 647 861 712 urbis
873 650 989 730 Lydiae
1002 647 1043 715 rol
1054 649 1166 719 Ὓπαο

38 767 117 824 πα,
153 743 240 826 qood
260 743 436 824 Stephanus
458 745 497 808 ab
517 738 609 820 αλπος
634 748 839 828 oompositnm
859 755 962 830 putat3
992 753 1083 833 epsili
1102 754 1163 818 utl-

34 845 208 926 jeetlvum
232 836 376 924 χαλεπός,
404 843 489 924 qood
516 862 585 909 eum
610 845 706 910 uerbo
738 841 875 928 χαλὲποοο
910 849 1016 914 eadem
1042 855 1164 919 rationo

33 951 198 1027 jonatum
219 948 270 1007 est
289 960 350 1023 qua
368 938 488 1026 λαλύβη
509 940 708 1023 stabilimus,
721 941 861 1030 ἀστραπή
878 941 1054 1029 berowa,
1073 947 1164 1036 λοίαη

36 1043 181 1110 ἐνίπτοι.
221 1043 247 1107 ll
268 1041 395 1122 longum
413 1041 529 1106 babent
550 1045 679 1125 propria
707 1044 863 1128 Αἴσηπος,
884 1041 1052 1130 moneor
1070 1051 1162 1118 Paos.

23 1142 186 1228 Ἴσηπος,
208 1136 403 1224 Σεληποάλης
421 1139 509 1206 llam.
551 1142 763 1224 lotalongum
777 1140 911 1228 εὔριπος,
930 1139 1163 1228 wambasio*
1232 1152 1235 1160 ’

39 1245 173 1310 sitione
195 1239 379 1324 productum
398 1233 552 1321 ἅχριππας
573 1240 710 1306 oleaster
724 1250 755 1308 οί
767 1239 944 1326 μάρσιππος
962 1248 1162 1332 marsupiuln,

40 1345 153 1410 breve
173 1336 303 1423 νήλιπος
323 1337 408 1420 quod
427 1339 599 1420 spntbeton·
617 1339 739 1407 ridetur
757 1361 787 1407 v.
809 1344 919 1410 l’arall.
941 1344 1012 1410 250.
1035 1353 1069 1410 nt
1090 1347 1162 1428 ple·

39 1445 152 1523 raquo
174 1455 281 1504 eornm
302 1454 382 1520 quae
402 1443 421 1501 δ
441 1439 561 1502 oleron
582 1441 750 1524 continent,
771 1441 827 1506 sed
849 1450 881 1507 et
908 1451 1051 1525 anetpma
1077 1461 1161 1510 non-

38 1541 140 1607 nulla
156 1532 282 1621 Ἆλόπη,
299 1532 395 1620 Ἰόπη,
411 1531 563 1619 Ῥοδόπη,
583 1535 757 1622 οσοὲρδοπος,
784 1539 977 1626 panepenna,
1005 1537 1161 1626 ἀπεροπός

39 1641 117 1706 ΕΜ.
139 1637 325 1720 Δοορίοπος,
345 1631 526 1720 imponeris,
543 1631 708 1713 Ἠπσπούς
736 1641 861 1722 aurigae
888 1657 1000 1706 nomen
1020 1641 1054 1707 ll.
1083 1643 1159 1710 Vlll.

44 1739 122 1806 120.
146 1737 231 1820 quod
252 1736 325 1800 olim
345 1737 515 1817 aspiratum
536 1738 634 1802 luisse
655 1747 784 1820 apparet
812 1756 829 1803 e
851 1741 970 1805 sebolio
992 1736 1079 1825 παρὰ
1104 1737 1161 1818 τὰς

41 1832 143 1921 ἡνίας
161 1837 229 1900 σοῖο
248 1834 361 1915 ἵππον,
381 1833 474 1916 idque
494 1835 593 1916 magis
614 1836 776 1918 probabile
790 1853 880 1918 quam
894 1837 933 1903 ne
948 1843 1061 1905 eatenis
1079 1859 1159 1923 (praa

44 1935 219 2002 commenti
241 1940 322 2000 sunt.
363 1932 512 2015 Equidem
533 1935 565 1998 ln
584 1935 646 1998 boe
666 1937 811 1999 universo
833 1953 960 2002 numero
975 1940 1089 2004 nullum
1103 1959 1157 2004 re·-

43 2037 141 2118 perio
168 2049 350 2116 paragogen
380 2033 480 2096 simile
512 2040 636 2115 praeter
664 2034 782 2114 plurale
811 2030 946 2118 χέδροπα
972 2045 1005 2101 et
1030 2034 1155 2122 χέλροο,

44 2133 136 2216 quod
158 2151 178 2198 a
198 2131 304 2214 χίδρον
324 2139 357 2195 ut
377 2127 526 2214 αώληψο
552 2132 654 2194 κῶλον
678 2133 744 2197 sive
764 2136 850 2216 κωλῆ
876 2143 1079 2216 propagatum
1106 2139 1156 2202 ui-

45 2234 151 2316 detur,
172 2232 234 2296 boe
255 2238 357 2295 autem
377 2248 396 2294 a
417 2231 506 2312 σχίζα
526 2229 645 2313 frendo,
666 2230 746 2295 unde
766 2231 858 2314 freso
877 2241 1027 2298 vocantur
1055 2236 1156 2319 labae,

46 2349 134 2416 eron,
157 2331 268 2394 ebera,
309 2329 369 2394 Par
387 2329 562 2394 obscuritas
585 2344 781 2410 eorumquae
802 2339 921 2397 restant
935 2333 1066 2409 ολσαπος
1088 2337 1155 2400 sive

46 2425 169 2513 οῖσύπη
183 2444 332 2510 oesypum
351 2428 437 2494 Ouid.
459 2427 562 2508 ppsilo
577 2427 673 2509 brevi,
687 2425 838 2514 πολύπχ,2
858 2427 1013 2516 ὕσσοπσς,
1035 2440 1066 2498 et
1079 2451 1156 2515 pro·

47 2532 120 2613 pria
140 2529 283 2602 Αλσοπος
304 2529 424 2611 (omiss.
444 2530 478 2592 in
507 2527 575 2609 Tb.)
603 2526 693 2591 Paus.
721 2529 769 2594 vl.
790 2530 826 2613 2¹,
852 2532 881 2596 4.
903 2524 1020 2614 Ἀρὺπη
1050 2533 1155 2614 Stepln

48 2623 402 2712 Αλοοπος,1ίασσω’πη
430 2633 488 2691 οίσ.
515 2627 577 2690 nisi
603 2643 683 2708 quaa
712 2644 780 2692 oum
807 2625 851 2706 ὅψ
879 2639 951 2694 sunt
977 2635 1153 2712 conjuncta.

48 2732 96 2795 De
117 2731 168 2794 bis
190 2729 253 2793 dixi
274 2726 313 2791 ad
333 2727 381 2808 AJ.
403 2725 473 2791 955.
493 2717 631 2800 Ἀλοπός
652 2732 683 2790 et
703 2719 828 2811 ἀλώπηξ
849 2736 950 2810 etymo
974 2737 1089 2794 carent.

135 2851 167 2921 ς.
188 2844 217 2910 2.
259 2843 393 2908 Numero
417 2843 506 2923 plura
533 2848 606 2907 sunt
633 2848 663 2906 et
690 2841 843 2908 uberioris
872 2844 912 2910 ad
939 2845 1155 2926 disputandum

48 2945 199 3009 materiae
220 2959 299 3024 quae
327 2943 462 3006 ultimam
490 2941 640 3020 syllabam
667 2941 705 3004 ab
736 2943 874 3023 aspirata
905 2944 1073 3011 ordiuntur.
1120 2947 1155 3010 ln

48 3045 111 3108 boe
139 3043 220 3107 enim
246 3057 361 3122 genere
391 3046 556 3104 cernuntur
584 3051 761 3120 paragogen
788 3043 921 3122 uestigia
947 3059 1011 3107 non
1044 3043 1152 3108 dubia:

47 3139 186 3224 ἔγκιλλος
212 3134 294 3223 οὐρά
321 3147 351 3205 σί
379 3139 488 3204 eodem
513 3138 671 3202 intellectu
697 3134 880 3223 λχκίλλαφος
910 3141 982 3206 lles.
1011 3160 1030 3205 a
1056 3144 1153 3208 verbo

49 3239 197 3306 obsoleto
218 3239 329 3304 κίλλειν
348 3240 368 3304 r‘.
390 3253 418 3320 q.
439 3241 536 3302 κινεῖν
558 3235 638 3302 unde
659 3237 808 3321 πλλλοφος
829 3240 1002 3321 motacilla;
1031 3235 1075 3316 ὥς
1102 3237 1154 3306 ἕλ-

48 3336 103 3414 λός
122 3337 247 3423 ἔλαφος,
276 3335 360 3404 οὕτω
380 3333 478 3420 κόρση
498 3332 656 3420 κόρταφος
675 3333 729 3401 καὶ
751 3331 907 3421 πρόταφος
928 3339 1032 3406 Schol.
1052 3342 1090 3406 A.
1114 3341 1153 3406 ad

47 3437 481 3506 ll.1v.ibt.etediverso
510 3431 597 3510 ἕλλός
626 3429 648 3518 ἡ
679 3432 793 3519 ἔλαφος
820 3430 1064 3517 ὑποκοριστικῶς
1089 3433 1152 3504 ἀπὸ

52 3540 111 3603 τοῦ
141 3534 256 3620 ἔλαφος
282 3533 305 3621 ἢ
331 3533 366 3601 ἐν
391 3537 436 3622 τῷ
461 3532 519 3599 ἕλει
545 3531 600 3609 τὰς
627 3529 784 3619 διατριβὰς
810 3532 889 3618 ἔχων
913 3537 980 3601 ΕΜ.
1010 3537 1081 3620 331,
1102 3538 1152 3604 58.

48 3640 100 3704 nbi
122 3637 236 3704 excidit
258 3639 394 3702 fortasse
417 3636 488 3698 trita
514 3634 568 3698 illa
595 3635 714 3698 notatio
743 3629 805 3698 ἀπὸ
832 3637 889 3699 τοῦ
916 3631 1064 3718 ἐλαφρός,
1096 3635 1151 3701 sed

50 3738 109 3802 boc
137 3739 239 3818 ipsum
267 3751 307 3801 ne
335 3752 392 3816 pro
421 3733 519 3798 altero
542 3729 656 3814 ἐλαφος
677 3733 899 3800 substituamus
922 3735 1027 3798 obstat
1048 3735 1152 3816 hypo-

50 3837 173 3900 oorismi
194 3835 310 3900 mentio
333 3832 417 3897 baud
439 3838 553 3925 temera
574 3832 671 3915 illata,
690 3849 760 3896 nam
788 3827 874 3906 aaa
900 3831 1010 3898 dieitrn
1035 3831 1072 3899 τὸ
1099 3855 1152 3900 οε·

54 4007 344 4024 ψ

119 4119 147 4186 2)
169 4114 275 4184 beloup
292 4116 394 4184 glomus
412 4115 487 4170 lanae
506 4113 614 4170 tortasse
634 4129 691 4168 eum
710 4114 823 4166 τοίίοοο
842 4115 919 4168 volvo
937 4120 1075 4182 cognatum
1100 4120 1150 4171 ast.

878 4197 942 4266 19*
