2788 4994
184 274 241 342 DE
262 269 358 338 NOM.
378 267 482 336 PRIM.
502 267 657 336 DECLIN.
678 271 720 337 IN
742 257 780 349 ἃς
799 271 944 339 PURUM.
972 281 1001 350 ς.
1016 272 1046 339 8.
1106 273 1169 340 tna

12 435 204 528 [λιάριοα
226 435 351 510 κοιλίας
371 395 551 520 ααϋαάριον
569 436 597 500 si
619 435 817 502 collincavi'
808 455 840 501 m
858 439 941 504 Diss.
966 438 1003 502 dc
1024 439 1164 519 Antiphr.

12 562 64 625 ρ.
92 539 177 605 306.
201 543 278 603 at
254 532 428 607 Ξανθίδιον
448 537 543 600 Arist
564 535 659 600 Rann
681 536 751 602 590.
774 537 830 602 sod
851 539 911 603 hoc
934 543 1079 618 correpto
1100 538 1167 600 iota

12 638 140 724 qnasi
175 653 196 699 a
224 644 309 715 rccto
332 631 461 709 Ξάνθος
489 635 680 700 declinatum
723 635 839 712 Quarto
869 636 1021 718 adjectiva
1046 630 1167 717 βόρειος

12 745 70 804 et
103 737 269 818 βορειαῖος
294 731 673 817 commonitionum
698 739 863 813 κοπρεαῖος
889 742 920 800 ct
946 735 1166 814 andronymica

13 837 145 910 Θείας
161 837 294 912 Θειαῖος,
306 826 496 913 Ἀριστιαῑος,
512 827 705 915 Ἰσμηνιαῖος,
723 834 915 908 Kantanos
907 851 938 896 ιιι
956 835 1048 917 Corp.
1068 837 1164 900 lnscr.

12 935 238 1020 quibuscum
258 934 392 997 conteni
412 939 545 1014 possunt
560 926 775 1013 Ἀστεροπαῖος
789 950 845 1014 pro
858 928 1019 1016 Στερονιης
1030 936 1165 1015 positum

12 1033 192 1115 Euphor.
223 1032 270 1096 Fr.
301 1031 361 1096 LX
395 1031 462 1097 132.
492 1038 523 1095 ct
552 1033 706 1112 Περσαῖος
732 1049 789 1112 pro
815 1026 987 1114 Πέρσηςν.
1007 1031 1164 1097 Ruhnken.

13 1133 85 1200 ad
110 1131 237 1197 nnn·
228 1147 260 1193 m
275 1113 342 1194 Gor.
354 1129 403 1194 24.
430 1129 540 1206 Quinto
556 1126 841 1212 νοιρονοργιαζειν,
864 1127 1023 1210 tonnano,
1044 1134 1163 1212 λαρυγ-

17 1233 134 1320 γιᾷν,
151 1229 357 1316 μελλονικιᾶν,
379 1228 436 1292 scd
456 1231 625 1317 μελλητιᾶν,
648 1223 812 1317 οὖρητιᾷν,
833 1233 1036 1326 τρνφητιᾷν,
1053 1251 1165 1312 φρενι-

16 1352 139 1420 τιαν,
174 1327 431 1413 οανλοαρωκιιᾷν
459 1327 550 1391 ctiam
579 1328 790 1393 nominibus
781 1345 813 1392 m
838 1351 893 1412 της
920 1337 951 1396 ct
977 1353 1031 1404 τος
1052 1329 1164 1409 subjici

24 1433 192 1516 possunt
221 1433 252 1492 ct
279 1426 407 1512 φρικιᾷν
435 1426 630 1491 substantivo
660 1426 770 1510 φοινία
797 1429 901 1510 potius
924 1445 1015 1510 quam
1036 1431 1165 1510 proprio

32 1527 204 1609 Φρικίας.
244 1525 311 1590 Νοο
340 1523 462 1589 dubium
491 1530 592 1589 tamen
619 1527 783 1590 multorum
811 1533 842 1591 ct
862 1529 1017 1591 nominum
1040 1533 1070 1591 ct
1091 1545 1166 1591 vcr-

26 1632 166 1697 bornm
187 1624 363 1688 memoriam
385 1624 548 1688 extinctam
570 1641 643 1688 csse
665 1631 695 1688 ct
718 1642 813 1705 sacpc
835 1626 964 1691 altorum
977 1644 1075 1708 genus
1094 1628 1165 1691 otii·
1209 1625 1211 1630 ’

30 1742 130 1793 ccro
152 1724 250 1788 altori.
290 1723 338 1787 lta
364 1723 396 1785 in
415 1724 510 1786 Arist.
533 1723 629 1788 Rann.
650 1722 720 1788 495.
749 1741 806 1804 pro
835 1727 983 1813 λημααᾷς
1003 1723 1166 1805 κάνδρεῖος

31 1820 79 1892 εἷ
99 1822 259 1902 Bcntlcjns
280 1820 427 1904 ληματίας
447 1823 597 1904 praefert,
625 1819 759 1885 Vossius
780 1830 889 1886 contra
911 1841 959 1905 ap.
977 1825 1164 1904 Hesychinm

32 1922 255 1992 accusativos
275 1921 437 2002 Λημανίαν
458 1919 673 2004 φρονηματίαν
697 1922 730 1983 in
758 1921 925 1986 infinitivos
946 1930 1042 1987 mutat
1065 1930 1095 1985 ot
1117 1924 1165 1985 ci-

34 2025 126 2090 dcm
148 2037 205 2101 pro
226 2020 343 2083 nvom
362 2020 526 2102 πασχηιίαι
546 2026 576 2084 ct
593 2018 796 2084 Κνσοὸαννία
815 2023 921 2103 puoto
942 2022 993 2086 alii
1014 2027 1048 2084 nt
1068 2020 1164 2084 verba

33 2119 223 2189 reddantur
243 2117 382 2184 snadcnt.
402 2189 404 2195 ,
425 2118 504 2195 Quin
529 2119 599 2200 ipso
629 2117 880 2203 Glossographns
908 2119 983 2184 iliud
1012 2122 1164 2200 Γραμμα-

36 2220 129 2307 τιᾷν
149 2212 411 2299 αεριεοαασμένως
431 2235 494 2281 non
517 2220 557 2283 ob
580 2218 660 2282 aliud
679 2221 815 2283 enotavit
834 2237 924 2301 qnam
942 2235 981 2282 nn
999 2219 1068 2299 quis
1086 2217 1166 2281 snb-

38 2317 223 2387 stantivum
244 2333 316 2380 csse
337 2321 458 2398 putaret
479 2322 512 2380 nt
534 2321 583 2380 cst
603 2331 739 2397 gemmas
760 2335 881 2383 nomon.
909 2318 974 2382 Noc
996 2316 1033 2380 do
1048 2316 1163 2396 cyrillo

42 2425 85 2484 ci
118 2414 185 2479 ΕΜ.
219 2420 343 2478 constat
372 2431 429 2494 pro
457 2415 604 2497 φιλνδρίοι
632 2418 734 2498 φιλῶν
763 2413 850 2503 ὕδωρ
877 2424 977 2482 utrum
1002 2415 1166 2499 φιλνδρίας

41 2512 243 2598 scnipscrint
263 2530 303 2578 an
323 2513 470 2601 φιλνδριᾷ
491 2517 576 2598 φιλεῖ
596 2510 689 2600 ὕδωρ.
889 2545 891 2552 ·
