2770 4992
207 305 263 372 nn
283 298 421 368 neum.
443 297 485 362 m
503 279 546 362 ιι·
564 288 824 362 nxnunnmus.
853 291 886 356 u.
905 290 927 356 r.
953 299 983 368 ς.
999 291 1027 358 1.
1122 293 1171 362 aa

62 491 169 546 tenore
198 490 218 537 a
246 469 345 552 primo
373 461 595 529 transiluemnt
615 457 656 523 ad
677 455 807 522 tertium.
847 455 916 522 Duo
939 473 1019 536 quae
1039 463 1169 543 restant,

63 571 200 654 σταλάζω
218 571 287 636 siue
308 558 478 640 σταλάσσω,
501 551 722 634 demente&
735 561 767 620 et
779 549 938 632 σταλάσσω,
961 556 989 620 si
1010 555 1050 619 ad
1070 551 1170 634 σιάζοο

63 686 91 743 et
110 670 225 740 ιιάσσω
247 666 418 745 referimus,
438 657 625 724 inevitabilis
647 659 696 719 est
709 653 887 734 epenthesis
901 653 1076 719 concessio.
1107 655 1171 720 sel

64 774 205 854 effugium
232 765 445 848 qualecunque
466 757 616 841 praebent
642 753 863 818 Philoxeniana
892 752 1027 816 lbemate
1050 753 1113 816 etei
1138 759 1171 818 et

61 879 118 954 aei,
141 885 224 953 quae
247 862 386 946 quamvis
408 858 447 922 eb
469 857 587 920 aurium
609 849 832 918 consuetudine
850 850 1046 934 abhorreant,
1068 858 1171 916 tamen

62 990 123 1038 non
138 983 252 1049 negem
265 962 331 1028 beri
343 975 440 1040 posse
454 962 488 1019 ut
508 961 539 1020 et
557 954 662 1019 verbis
680 951 743 1016 illis
756 950 915 1022 materiam
927 949 1124 1030 praebuerint
1139 957 1171 1016 et

63 1068 242 1137 nominibus
263 1060 358 1141 στίλη,
384 1048 553 1144 σταληδῶο,
575 1045 705 1136 ιιηλός,4
726 1051 815 1127 eujus
836 1063 1032 1126 synonymae
1052 1043 1171 1126 ιιάσιισς

65 1171 155 1234 imus
183 1161 331 1228 indicium
357 1156 485 1239 praebet
505 1151 592 1217 uerbi
613 1148 682 1230 puri
702 1141 790 1225 σάοι,
811 1145 892 1209 unde
913 1153 944 1210 et
964 1142 1075 1210 σοι’σσσ
1098 1149 1172 1212 oriri

63 1267 166 1351 putuit
186 1268 219 1327 et
239 1254 345 1324 aetam
366 1260 400 1319 ut
421 1270 440 1319 a
462 1252 517 1331 σῶ,
540 1250 590 1314 eui
606 1245 678 1312 σιίιο
692 1246 855 1328 suecessit,
875 1239 982 1308 σιὶσσο
996 1252 1026 1309 et
1037 1240 1171 1313 σιὶλλοο.ὅ

62 1364 186 1432 Fundus
207 1362 300 1440 hujus
323 1360 463 1420 texturae
484 1356 516 1416 et
536 1348 626 1430 quasi
646 1352 765 1410 stamen
781 1350 830 1410 est
841 1342 972 1426 lambda,
991 1343 1075 1425 qued
1094 1346 1171 1410 utin

64 1465 145 1531 omni
173 1455 399 1526 uocabulorum
427 1449 629 1515 lubrientioue
647 1449 753 1526 partes
775 1459 902 1523 magnas
924 1442 1002 1524 agit,
1029 1443 1074 1510 ita
1095 1461 1170 1510 sae

63 1563 193 1647 pissime
213 1555 319 1620 uerbis
340 1549 486 1616 inseritur
505 1548 606 1629 puris:
627 1539 700 1621 ete
714 1537 833 1619 qima,
854 1533 934 1622 βδέω
948 1537 1080 1622 mette,
1102 1537 1170 1625 βύω

64 1657 177 1747 pene,
200 1661 232 1720 et
247 1672 266 1718 e
281 1651 454 1718 thematiels
475 1643 607 1724 σιάλλω,
629 1640 740 1721 edum,
760 1634 881 1717 meae,
896 1633 1025 1703 mette.
1056 1634 1170 1704 nene

64 1761 155 1826 niden
177 1757 208 1822 si
227 1752 298 1818 idei
311 1747 517 1816 satisbabet⁶
538 1751 623 1810 certe
637 1739 740 1827 aerim
753 1742 843 1806 laceo
865 1737 988 1802 ductum
1010 1743 1069 1821 est,
1089 1739 1170 1804 unde

131 2007 161 2076 3)
185 2005 252 2060 Hine
269 1997 415 2058 νεοστάλιιξ
431 1995 613 2064 νεοδάνρστος
637 1991 700 2047 iles.
728 1994 757 2043 nt
779 1988 871 2044 flentes
895 1987 975 2041 verim
995 1987 1125 2054 singultim
1144 1993 1172 2042 el

4 2143 5 2168 ἦ
67 2093 141 2163 quasi
159 2088 278 2157 guttatim
297 2083 439 2156 proferunt.
465 2079 620 2148 Calpurnius
638 2075 764 2128 stillante·
779 2085 850 2124 οοοιι
868 2074 895 2125 et
912 2067 1172 2135 stepeltaetta'eerba

4 2171 5 2174 ’
67 2172 270 2232 balbutientibus
295 2169 393 2223 tribuit.
433 2167 465 2220 nt
488 2164 559 2219 cerui
584 2162 723 2230 glutientes
745 2156 808 2214 τούς
827 2151 1001 2224 σταλαγμοὺς
1020 2155 1171 2220 μιμεῖσθαι

4 2329 6 2348 .
68 2260 184 2314 licuntur
201 2269 227 2308 u.
244 2253 322 2310 lluss.
341 2251 460 2306 albrat
478 2247 537 2306 972.
797 2248 801 2256 ’

4 2349 5 2352 ¹
132 2357 162 2424 i)
180 2351 330 2420 Hesychius
353 2349 477 2410 Παλάξαι
499 2346 608 2415 βρέξαι·
641 2342 722 2394 ἔνθεν
748 2340 796 2392 καὶ
819 2337 901 2404 πηλὸς
925 2336 963 2407 γῆ
991 2337 1169 2407 μεβρεγμένιι.

69 2441 132 2496 lline
151 2438 263 2494 iertasse
280 2433 376 2504 σάλμσ
395 2434 485 2503 palus,
509 2428 580 2498 quud
598 2432 624 2484 et
641 2426 730 2493 σέλμα
747 2424 868 2480 seribitur
884 2438 908 2478 v.
926 2421 1055 2488 lluCanq.
1074 2424 1101 2474 et
1118 2433 1169 2473 an-

70 2527 167 2594 tiquum
184 2520 269 2587 τέλμιι
286 2523 314 2574 et
331 2517 420 2586 τελμίς
437 2513 451 2569 ὁ
469 2513 500 2566 ἐκ
518 2508 659 2579 τελμάτων
675 2506 757 2572 πηλός
773 2507 830 2562 EM,
849 2508 975 2562 Similiter
996 2506 1095 2560 variant
1111 2519 1169 2571 ηρ.

69 2602 171 2678 μησσός
189 2605 216 2660 et
232 2599 393 2670 Περμησσός
409 2616 434 2655 v.
452 2598 590 2653 Hermann.
610 2592 705 2662 Opuse.
725 2591 752 2645 T.
765 2591 807 2660 vl,
823 2594 845 2648 1.
860 2592 917 2648 153.
935 2585 1054 2646 Τενθεύς
1070 2584 1084 2642 ὃ
1102 2588 1169 2638 Πεν-

4 2699 5 2732 l
70 2688 132 2748 θεός
149 2685 214 2756 παρ’
228 2682 365 2753 Ἑκαταίῳ
382 2682 455 2738 rhet.
474 2675 545 2736 ταώς
562 2689 643 2746 pavo,
659 2672 789 2728 κάλλαιιιν
805 2676 882 2744 palea
900 2679 952 2731 ete.

4 2833 5 2850 1
132 2787 162 2856 5)
186 2784 422 2852 Κατασεσαγμένα
440 2780 672 2848 κατασεσεισμένα
690 2777 753 2832 Hes,
771 2773 815 2829 ubi
829 2773 1091 2842 κατασεσαλαγμίνα
1107 2783 1169 2823 eer-

4 2875 5 2890 ¹
69 2874 153 2940 rigent
171 2871 262 2922 eontra
287 2865 403 2921 ordinem
427 2866 560 2920 literarum
582 2863 705 2930 nullaque
730 2859 828 2914 idonea
844 2860 954 2912 ratione.
989 2855 1055 2909 Nam
1077 2851 1169 2904 σάσσω

69 2952 193 3022 malmin
211 2949 277 3002 nibil
294 2949 365 3002 aliud
383 2954 424 3004 est
442 2961 518 3017 qnam
536 2948 598 2998 reta
617 2959 772 3014 coequalem
797 2940 943 3010 quassando
962 2939 1030 2995 enim
1048 2938 1106 2990 lira
1123 2950 1170 2988 ra-

69 3050 148 3107 raque
167 3034 309 3102 stipanus,
334 3032 361 3086 id
387 3031 457 3100 quod
477 3030 571 3086 Graeei
590 3029 679 3083 dieunt
696 3023 805 3096 κρούειν
823 3023 855 3075 ul
871 3026 958 3092 μέτρα
976 3023 1023 3074 καὶ
1041 3019 1172 3072 dentatam

70 3121 194 3188 Harpocr.
219 3129 242 3170 s.
260 3113 476 3185 Παρακρούεται.
507 3112 574 3167 Hine
589 3114 691 3181 μέτρον
706 3109 904 3176 σεσαλευμένον
920 3109 948 3161 in
964 3105 1062 3171 muana
1082 3102 1171 3158 Lucae

69 3203 110 3258 lll.
130 3203 174 3260 38.
195 3197 267 3270 quod
284 3197 507 3264 bulberus,vertit
525 3198 564 3248 εἰσ
581 3196 711 3262 penetrem
731 3195 837 3259 Μσοει,
855 3188 984 3258 signifieat
1001 3187 1172 3255 σεσαγμένον

70 3289 124 3342 siue
143 3280 280 3353 κορσσιόν
296 3281 409 3362 plenum.
445 3279 538 3347 quue
555 3279 690 3335 intellectu
707 3275 831 3344 Agatbias
850 3273 976 3325 σιιλάσσω
994 3271 1081 3340 posuit
1092 3266 1169 3321 Antb.

69 3369 110 3424 m.
129 3383 156 3422 n.
173 3368 216 3424 57.
234 3367 355 3436 γαστέρα
372 3363 426 3433 μὲν
443 3360 593 3415 σεσάλακτο
610 3363 700 3432 γέρων
716 3357 815 3412 εὐώδει·
828 3356 940 3426 Βάκχῳ,
959 3369 1011 3410 nen
1027 3367 1074 3423 pro
1092 3348 1170 3403 σεσιὲ-

70 3455 145 3506 ltere
163 3456 192 3506 ut
209 3448 349 3505 lacnbsius
363 3450 486 3503 statuisse
503 3445 606 3499 videtur
625 3441 712 3498 ebrios
731 3445 796 3511 οϊνῳ
815 3429 979 3493 σαλεύεσθαι
994 3438 1172 3493 dernienslrans

72 3537 181 3592 bnimm.
200 3534 229 3588 T.
247 3531 291 3588 xl.
309 3535 351 3589 m.
369 3530 417 3586 sed
434 3544 480 3599 pro
499 3530 613 3580 σίσακιο
630 3528 719 3594 plenae
734 3533 800 3590 σοι,
819 3527 893 3591 quus
910 3521 1108 3590 significationis
1124 3531 1171 3571 ra-

73 3625 146 3678 ritate
163 3619 284 3686 Scaliger
301 3621 432 3685 permetus
450 3617 491 3670 est
507 3617 536 3667 ut
551 3609 679 3664 ἐσέσιικτο
700 3610 849 3676 corrigeret.
893 3637 896 3644 ⁴

137 3721 167 3788 6)
196 3715 292 3770 Φάλαι
315 3713 366 3784 ὅροι
391 3710 502 3770 σκόπει,
532 3712 595 3767 lies.
621 3710 690 3779 quod
714 3711 840 3763 incertum
858 3711 941 3761 rutrum
958 3706 1034 3760 tertia
1058 3713 1172 3770 persona

74 3805 106 3857 sit
128 3800 206 3872 φαλᾷ
229 3797 283 3870 ὁρᾷ
309 3802 419 3856 σκοπεῖ,
449 3809 481 3849 an
503 3795 670 3863 imperativus
693 3792 781 3862 φᾶλαι
804 3790 897 3844 similis
923 3787 1057 3843 homerico
1082 3782 1171 3851 φῖλαι.

75 3885 138 3941 Hine
154 3891 239 3940 ortum
257 3887 298 3940 est
314 3877 473 3950 παμφαλᾷν
488 3877 518 3930 τὸ
534 3876 606 3946 μετὰ
622 3875 770 3942 nequinates
784 3873 955 3943 περιβλέπειν
967 3868 1055 3925 Sobel.
1070 3866 1120 3933 Ap.
1135 3864 1170 3918 ll.

78 3969 129 4026 mr.
147 3968 218 4040 qued
236 3965 264 4021 stt
282 3963 375 4020 crebre
392 3969 463 4018 metu
481 3965 508 4018 et
524 3963 665 4016 nictatione
685 3959 833 4024 oculorum,
852 3962 947 4010 rnatum
961 3959 1046 4008 autem
1059 3951 1172 4018 spissum

77 4058 102 4108 el
117 4053 260 4109 vibrantem
285 4046 406 4116 exprimit
431 4045 539 4106 verbum
565 4041 749 4117 ἀμαρύσσων,
767 4040 839 4096 unde
855 4034 1009 4107 ἀμάρστται
1025 4031 1172 4102 ὀφθαλμοὶ

77 4142 101 4191 el
117 4133 326 4208 κιλλαμαρόζειν
343 4129 484 4184 ἰλλώπτειν
502 4130 566 4186 Hes,
585 4127 709 4196 idemque
727 4121 898 4196 ἀμαρύσσων
920 4124 947 4176 et
962 4113 1174 4188 μαρμαρὺσσειν
