2750 4994
111 285 160 350 DE
181 283 278 350 ΝΟΜ.
301 279 467 361 QUORUM
488 281 681 350 oflnnnor.
705 283 782 350 EST
801 280 871 352 Me.
897 288 963 357 nl.
985 299 1014 368 ς.
1029 295 1057 360 4.
1100 295 1164 364 163

42 451 175 517 dustria
189 448 353 532 repudiata
365 454 447 512 sunt.
468 447 577 529 Neque
599 456 701 514 tamen
722 467 786 514 non
807 455 872 517 veri
893 455 992 521 similo
1007 465 1056 522 ost
1068 461 1164 526 multa

40 549 233 631 hujusmodi
252 563 424 630 progresso
443 549 591 629 temporis
611 550 829 630 praeformatis
844 554 947 619 albeto
960 571 1042 640 esse,
1065 576 1162 641 eaque

39 649 352 731 suspioio-portinet
373 646 413 711 ad
435 647 536 710 omnia
558 647 669 728 quibus
690 650 806 730 antiqui
828 657 926 718 testes
949 653 1075 720 desunt:
1104 652 1162 722 di-

36 747 195 830 λάξιμος,
217 741 367 829 βᾶψιμος,
389 740 538 826 ἱλάσιμος,
558 740 767 829 κουρεύσιμος,
788 746 941 833 νεάσιμος,
962 752 1160 839 νεκρώσιμος,

36 845 235 930 πειάσιμος,
258 838 483 924 ἆιιορρίψιμος,
506 839 704 926 saesdema,
725 845 974 932 menedemos.
996 852 1160 938 παραγρά-

22 957 162 1031 Ιιιιμος,
185 940 425 1027 medullosus
453 949 484 1006 et
512 945 718 1025 compositum
739 939 906 1030 ἀχρήοιμος
926 953 1033 1034 Sopat.
1056 956 1157 1020 Diaer.

37 1069 79 1132 p.
104 1049 153 1114 10.
178 1047 211 1111 Τ.
225 1045 301 1108 Vlll
322 1043 389 1107 EM.
401 1043 472 1120 727,
487 1041 536 1106 53.
572 1043 674 1122 Atque
699 1043 777 1110 liaeo
805 1063 842 1110 eo
866 1052 982 1129 justior
1009 1056 1158 1138 suspicio,

37 1165 114 1230 quo
143 1145 302 1226 antiquior
320 1146 387 1205 est.
421 1139 612 1220 Phrynichus
638 1139 703 1206 Eol.
730 1142 800 1209 226.
823 1144 988 1230 γελάσιμον
1013 1145 1055 1233 μὴ
1083 1147 1157 1235 λέγε.

36 1248 170 1313 Moeris
196 1239 289 1316 ω”νιος
306 1236 443 1318 ἀιιικῶς,
464 1235 616 1322 modernos
635 1241 756 1316 κοινῶς.
783 1243 1007 1328 ltlosobopulus
1028 1249 1066 1313 ad
1084 1251 1157 1318 Hes.

40 1335 454 1428 muniandamque
478 1334 535 1420 μὲν
554 1335 730 1421 ποιητικόν,
765 1335 802 1405 τὸ
828 1340 862 1408 δὲ
888 1342 1046 1429 αἰδέσιμον
1073 1345 1158 1435 παρὰ

39 1451 116 1520 τοῖς
134 1446 280 1516 κοινοῖς.’
298 1440 392 1505 Exeo.
412 1445 486 1520 post
505 1439 604 1518 Etym.
623 1437 696 1502 oud.
714 1437 784 1523 634,
798 1441 847 1506 23.
870 1438 1009 1522 ἐπίδοξος
1029 1440 1158 1530 dornos-

40 1542 180 1627 δόκιμος
200 1536 220 1605 ὁ
240 1539 354 1612 κοινῶς
373 1533 534 1618 λεγόμενος
553 1533 805 1620 προςδοιιήσιμος.
834 1543 1045 1610 Antiattioisla
1064 1567 1093 1629 p.
1106 1549 1156 1614 84.

42 1640 212 1728 βρώσιμον
232 1635 363 1722 βρωτόν,
383 1637 518 1720 Δίφιλος
538 1655 566 1702 v.
588 1638 678 1701 blein.
702 1636 786 1702 Com.
807 1640 874 1705 Vol.
896 1643 943 1707 lv.
964 1643 1034 1710 380.
1072 1646 1157 1712 Haeo

41 1750 176 1827 praeter
200 1732 586 1832 elwinum-commodius
610 1737 721 1800 futuris
743 1737 946 1817 subjiciuntur
967 1758 1057 1824 quom
1079 1746 1157 1810 sub-

45 1842 196 1908 stantivis
220 1838 341 1918 syllaba
362 1851 409 1910 σις
427 1836 615 1915 terminatis3
643 1852 713 1898 nam
736 1835 862 1916 δίκασις,
887 1834 1016 1921 ydiotam,
1038 1839 1155 1925 ἄρασις,

45 1945 156 2025 βίωσις
184 1946 216 2004 et
246 1938 306 2001 alia
334 1942 386 1999 aut
411 1935 496 1998 nullo
523 1941 661 2014 tempore
689 1936 722 1997 in
750 1937 1001 2004 consuetudinem
1029 1951 1156 2024 recepta

45 2047 119 2106 sunt
142 2045 198 2104 aut
219 2035 397 2101 novissimis
420 2033 540 2096 demum
562 2034 677 2097 seonlis
700 2042 928 2100 sueoreverunt.
958 2037 1020 2103 Sed
1036 2048 1156 2106 restant

45 2141 145 2204 multa
173 2154 255 2219 quae
284 2151 352 2198 oum
377 2133 487 2196 tuturis
508 2133 631 2196 usitatis
659 2133 772 2196 nullam
794 2133 1020 2200 similitudinem
1041 2138 1156 2204 babent

44 2240 207 2320 κρίσιμος,
228 2230 393 2315 πλύσιμος,
421 2226 588 2313 πράσιμος,
621 2227 764 2314 ζώσιμος,
794 2227 962 2315 πτώσιμος,
990 2231 1154 2323 eleemos,

47 2341 215 2419 omniaque
240 2351 278 2399 ea
298 2333 409 2415 quibus
432 2348 512 2412 quae
533 2330 710 2411 anteposita
732 2337 804 2394 sunt
823 2332 919 2395 verba
938 2333 971 2397 in
991 2334 1052 2401 boo
1076 2345 1155 2404 tem-

47 2455 126 2521 poro
154 2435 298 2501 vocalem
325 2432 449 2512 longam
477 2428 591 2492 baboni
618 2424 777 2511 στάσιμος,
811 2425 954 2512 βάσιμος,
988 2430 1153 2520 αἷρὲσιμος,

46 2533 201 2618 θύσιμος,
222 2528 366 2614 idoneos,
389 2545 518 2610 quorum
540 2528 706 2592 collatione
726 2531 832 2612 patefit
854 2533 944 2596 etiam
965 2529 1102 2618 φύσιμος
1123 2547 1154 2602 et

48 2635 163 2718 siquid
178 2631 279 2698 simile
293 2628 432 2693 vocalem
449 2627 574 2692 brevem
587 2628 711 2713 babere,
733 2646 770 2694 ao
792 2631 907 2711 pariter
927 2631 988 2696 illa·
1003 2651 1082 2716 quae
1095 2652 1153 2702 ve-

48 2743 130 2799 teres
152 2749 219 2796 non
243 2728 431 2793 admiserunt
450 2727 512 2789 nisi
540 2743 608 2790 oum
628 2730 912 2810 praepositionibus
934 2733 1079 2813 copulato
1100 2733 1153 2800 ἐυ-

49 2830 186 2916 δόσιμος,
209 2823 407 2910 ἀποθέσιμος,
423 2820 641 2920 monodiarum,
664 2819 820 2909 ἆφέσιμος.
862 2828 946 2892 Haeo
969 2831 1153 2899 Grammati-

50 2927 103 2997 oos
119 2950 139 2996 a
153 2929 359 2997 substantivis
373 2927 410 2988 in
419 2940 466 2999 σις
479 2926 664 3007 repetivisse
675 2926 837 3006 probabile
852 2927 884 2988 lit
896 2926 997 2991 Pbotii
1010 2934 1151 3014 exemplo

50 3033 167 3115 φασίμη
196 3022 284 3103 κύλιξ
310 3018 395 3107 παρὰ
421 3019 479 3108 τὴν
506 3019 613 3106 φάσιν.
657 3024 789 3087 Tertiam
814 3024 965 3106 quandam
991 3028 1071 3091 viam
1101 3032 1152 3094 in-

50 3147 179 3212 gressus
206 3125 387 3191 Eustatbius
411 3123 501 3206 1254,
523 3123 572 3188 22.
595 3118 760 3205 μόρσιμος,
784 3123 867 3204 quod
887 3124 953 3188 EM.
983 3142 1002 3188 a
1021 3121 1152 3210 μόριμος

50 3228 211 3312 epenthesi
232 3224 341 3288 sibilae
363 3222 502 3287 ellectum
520 3227 617 3306 putat,
638 3222 676 3286 ad
696 3223 862 3287 seoundam
881 3225 1012 3305 perleoti
1033 3229 1152 3308 passivi

49 3344 215 3411 personam
235 3321 339 3387 relert.
381 3321 444 3387 Sed
470 3321 626 3387 nonnullis
647 3322 754 3386 barum
780 3325 869 3386 trium
891 3323 1044 3388 rationum
1065 3328 1149 3392 nulla

48 3428 208 3509 convenit,
239 3430 274 3490 ut
295 3417 470 3504 θανάσιμος
490 3426 522 3485 et
542 3413 747 3502 εὐθνήσιμος,
778 3438 857 3503 quae
879 3423 906 3485 si
928 3440 995 3487 oum
1018 3426 1148 3508 simplioi

45 3524 200 3612 θοήοιμος
222 3529 253 3587 ot
272 3525 458 3604 σιηοιμαῖος
485 3519 689 3602 conferimus,
714 3520 790 3583 nulli
818 3522 966 3602 propiora
986 3519 1156 3605 reperiun-'
1246 3565 1248 3569 v

48 3635 93 3691 tur
122 3641 216 3708 qnam
242 3620 360 3686 verbali
387 3613 520 3702 θνητός,
547 3633 617 3681 nam
643 3619 757 3701 θοῆοις
778 3621 889 3689 aetatis
912 3627 1066 3686 extremae
1088 3633 1147 3689 est.

46 3726 153 3807 quue
180 3728 273 3805 paolo
301 3721 392 3784 etiam
414 3718 469 3781 illa
495 3716 643 3799 explicari
670 3724 804 3799 possunt
831 3735 909 3800 quae
938 3737 1033 3802 supra
1061 3713 1168 3786 attuli

48 3819 205 3904 στάσιμος,
223 3814 413 3901 duodennem,-
434 3825 492 3882 elo.
511 3832 570 3879 nee
590 3817 690 3879 minus
711 3813 930 3900 μειαβλήσιμος
951 3819 1053 3884 sonol.
1074 3820 1147 3886 Hes.

51 3923 162 4002 Tbeog.
184 3919 234 3986 89.
257 3918 444 4000 (quanquam
465 3909 631 3996 σύμβιησις
644 3921 731 3979 extat
743 3915 824 3996 apud
838 3918 977 3998 Sextum)
1001 3922 1146 4000 ιικιιιοι-

49 4021 195 4104 ιριομος,
226 4035 287 4099 qno
308 4017 458 4088 Arrianus
480 4031 555 4079 usus
585 4018 635 4078 est
661 4030 718 4095 pro
740 4010 929 4096 κατάκριτος.
980 4009 1148 4098 Εὕθνηιος

51 4135 108 4185 non
127 4119 282 4202 reperitur
304 4114 424 4199 quidem
450 4114 512 4178 nisi
533 4112 615 4194 apud
634 4113 860 4179 infantissimos
882 4111 939 4177 sed
959 4113 1030 4194 fingi
1050 4113 1144 4178 liouit.

872 4209 938 4277 11·
