2750 4994
211 283 278 360 100
554 267 878 337 tttssuttrarto
913 265 962 332 111.
1048 259 1052 262 ’

212 445 408 537 popinonum
436 437 519 524 quoti
538 436 674 502 numeris
700 436 833 518 poeticis
855 435 965 516 aptius.
998 427 1166 514 Αλσχήμων
1185 435 1216 496 si
1239 449 1331 497 oon-

216 558 323 631 staret‚
344 546 383 614 ad
395 536 500 624 αἶσχος
515 536 708 603 referendum
723 541 818 616 esset,
831 532 886 597 sed
899 533 1021 596 minime
1036 537 1169 595 constat.
1215 531 1332 608 Quare

217 640 449 729 ομηηιὲσήμον
471 640 510 704 ab
531 632 596 700 toa
617 636 717 715 repeti
738 634 883 698 eonvauit
903 631 1008 712 potius
1030 645 1121 710 mam
1141 648 1161 693 a
1181 633 1332 716 nomino,

217 758 307 834 eujus
327 741 451 828 generis
473 737 533 804 duo
559 734 710 798 duntaxat
740 736 921 796 succurrunt
945 724 1140 811 παιγνιήμων
1166 729 1333 794 Herodoti

218 839 384 930 ομοιιγνιά
405 839 584 917 derivatum,
605 839 636 896 ot
656 826 812 913 ἀμνήμων
830 830 1002 894 Antimaohi
1022 830 1062 896 ab
1082 824 1191 910 ἅφνος,
1218 845 1332 910 quan·-

217 965 309 1035 quanr
329 943 403 1013 huie
422 951 544 1019 quoque
565 932 691 994 verbum
713 922 819 1013 ιἰφνέω
841 931 1024 1011 supponitur
1041 929 1081 992 ab
1103 927 1258 1010 Etim,
1276 928 1329 993 10.

129 1107 142 1134 ,
216 1051 287 1122 lion
297 1050 399 1112 autem
409 1050 507 1117 genus
517 1033 693 1096 universum
705 1030 872 1110 antiquitus
883 1029 984 1110 poetis
997 1030 1062 1116 terp
1073 1025 1254 1090 attributum
1265 1031 1331 1107 est,

219 1145 370 1230 aquibus
387 1133 562 1214 Xenophon
573 1122 715 1210 altapetra
735 1128 855 1210 aseivit,
877 1129 987 1207 Lysias
1009 1134 1041 1190 et
1058 1127 1217 1190 lsoorates
1235 1117 1331 1205 ἐλεή-

219 1267 288 1333 μων
306 1236 527 1322 reprehensum
547 1248 566 1293 a
585 1227 741 1292 nonnuliis
762 1227 876 1292 Aueod.
896 1227 989 1292 Beki.
1011 1225 1061 1308 92,
1080 1223 1126 1289 12.
1148 1223 1241 1303 plura
1261 1238 1331 1302 po-

221 1345 370 1413 steriores
386 1331 580 1414 improbante
593 1327 734 1391 Polluce:
756 1323 891 1410 ελδήμων
902 1313 1330 1401 λδιωτιιιὸννμλὺνιομήχθη-

220 1466 279 1528 ρον
289 1441 324 1504 V.
336 1435 403 1504 tto.
416 1431 466 1496 IX.
480 1429 548 1494 151.
566 1421 696 1509 νοήμονν
706 1421 869 1509 ποιητικόν
879 1425 926 1488 IV.
939 1423 986 1489 11.
1000 1437 1100 1504 noque
1114 1420 1214 1502 aliter,
1237 1423 1329 1499 puto,

217 1538 368 1628 juiioauit
389 1531 426 1597 de
448 1523 618 1610 ἐθελήμων,
640 1524 723 1607 quod
743 1526 831 1590 Plato
847 1523 943 1589 semol
964 1521 1086 1586 admisit
1106 1517 1144 1582 ad
1159 1517 1330 1598 expunan-

221 1645 291 1710 dum
312 1644 437 1715 etymon
457 1627 590 1692 nominis
613 1624 705 1689 divini
725 1619 827 1706 Λητώ.
871 1621 932 1688 Sed
953 1620 1033 1684 idem
1054 1617 1166 1700 probat
1188 1631 1329 1696 oompo-

221 1747 282 1811 sito
302 1723 560 1822 μεγαλοήήήμοηι,
580 1720 803 1807 πολιοινήμον,
825 1716 1068 1806 φιλοσκώμμων,
1089 1720 1178 1796 eujus
1199 1715 1329 1796 generis

219 1840 316 1910 multa
341 1834 514 1900 Attioorum
543 1824 754 1904 probatissimi
774 1828 958 1904 rooeperunt
978 1812 1124 1900 ἀπήμων,
1146 1809 1327 1897 εὐσχήμων,

220 1932 414 2025 εηήινώμονν9
436 1935 467 1993 θλ
487 1924 701 2006 decomposita
722 1916 949 2005 ἆῤῥωστήμων,
976 1911 1165 1999 ἐπιλήσμων,
1197 1907 1329 1996 ἐπιστή-

221 2062 306 2128 μων,
334 2021 591 2118 φιλαπεχθήμων,
623 2020 707 2103 quod
730 2022 871 2086 roualem
897 2035 960 2084 nou
987 2017 1121 2080 nativam
1145 2011 1242 2076 habet
1269 2009 1329 2076 sad

222 2157 290 2208 aum
312 2144 469 2218 paragoge
490 2129 602 2188 natam.
645 2118 730 2195 Quae
751 2135 826 2183 uero
846 2119 897 2182 illa
917 2135 938 2180 a
958 2116 1086 2181 Platone
1104 2117 1255 2192 usurpata
1275 2107 1329 2174 di-

222 2243 264 2308 eit
285 2231 469 2319 ἀμνημονεῖν
490 2229 521 2288 ot
541 2214 756 2302 εὐχοημονεῖν,
778 2217 869 2282 hodie
889 2231 953 2280 non
973 2216 1115 2294 legumtur
1136 2208 1192 2274 seu
1212 2209 1329 2289 legitur

222 2335 387 2421 ἀδημονεῖν
408 2327 446 2392 ab
468 2317 607 2404 ἀσήμων,
629 2334 690 2399 quo
713 2318 884 2399 scriptores
901 2314 1065 2378 abstinent.
1105 2310 1140 2373 ln
1153 2294 1327 2391 ημῶηομο

222 2437 441 2508 terminantur,
469 2440 489 2486 a
508 2425 618 2485 nostro
640 2417 766 2497 negotio
790 2415 890 2479 aliena
911 2418 996 2477 sunt:
1030 2406 1142 2492 ἕρημος
1162 2407 1228 2473 sive
1249 2401 1328 2488 ἐρή-

222 2559 288 2624 μης,
311 2527 395 2615 quod
413 2520 608 2589 Herodianus
625 2504 1159 2598 1111ο1μονήμη1οῐιι]ἰι,Ἐιιὰδημος,
1181 2501 1327 2590 βλάσφη-

222 2658 280 2722 μος
301 2627 385 2714 quod
406 2618 611 2701 pompositum
630 2614 750 2683 uidetur
771 2621 804 2677 ut
825 2608 957 2695 ἅῳημος,
978 2609 1182 2691 πολλμφημος.

305 2739 336 2806 §.
357 2728 386 2792 4.
426 2722 496 2786 Iota
522 2716 643 2779 literam
671 2713 916 2793 mutuantem,
950 2707 1006 2774 sed
1040 2713 1163 2790 praeter
1197 2705 1327 2787 propria

223 2828 377 2912 Δόκιμος,
404 2815 570 2901 Μόνιμος,
584 2812 713 2897 Ὄχιμος
733 2819 792 2876 eto.
813 2827 913 2892 pauoa
934 2815 1006 2874 sunt
1026 2825 1106 2890 quae
1130 2804 1326 2869 substantiva

224 2931 284 2998 diei
304 2924 437 3010 possint,
458 2911 585 2999 δοκιμή,
613 2913 696 2996 quod
727 2927 829 2976 sermo
851 2911 1004 2972 iuoomtus
1026 2907 1137 2971 aseivit
1157 2919 1214 2984 pro
1235 2901 1326 2966 δοκλ-

223 3048 295 3114 μιον
324 3024 404 3101 (fero
428 3025 462 3082 ut
489 3016 590 3099 proba
616 3020 648 3077 ot
669 3008 827 3093 probatio)
856 3016 888 3072 et
917 3014 1027 3071 neutra
1054 3000 1200 3088 ὄστριμον
1229 3003 1324 3082 etymi

225 3140 338 3208 expers
353 3127 444 3203 atque
460 3111 585 3195 ήκιμον.
595 3113 624 3152 ao
662 3111 773 3174 Iriouis
787 3123 898 3172 nomeu
916 3101 1072 3188 ἐμύσιμον,
1093 3102 1177 3184 quod
1191 3101 1325 3168 Schnei-

224 3226 316 3291 derus
344 3221 376 3284 in
395 3215 459 3282 lud.
490 3212 642 3293 Theophr.
671 3215 799 3290 proptor
827 3207 902 3270 tolia
929 3207 1098 3286 sanguinea
1126 3201 1164 3266 ad
1190 3197 1326 3286 ἐρυθρός

223 3327 336 3404 reiort,
366 3323 478 3399 poetae
500 3313 621 3395 graeei,
642 3311 695 3390 qui
715 3303 873 3389 εἰρήσιμον
895 3313 925 3369 et
946 3300 1078 3386 putemne
1097 3306 1264 3384 vocarunt,
1286 3301 1323 3364 ab

225 3422 378 3505 adjectivo
405 3410 549 3496 ἐμύσιμος
576 3402 751 3482 ἑλκοστιιιός
780 3407 868 3470 Pirot.
906 3421 970 3468 uou
1007 3403 1161 3467 diversum
1194 3406 1324 3481 putasse

223 3521 495 3599 attenuansque
524 3509 563 3574 ad
592 3505 674 3572 aliud
703 3521 801 3586 genus
828 3505 962 3586 pertinet
983 3499 1127 3585 λοέψιμον
1145 3492 1227 3574 εἶδος
1246 3495 1325 3574 πόας

220 3685 515 3712 .--—-—--

291 3785 321 3852 Β)
346 3782 391 3836 sio
406 3775 513 3846 μόσχος
529 3769 693 3841 εὔθηλήμων
709 3770 786 3824 Aaou.
804 3774 900 3840 χοῖρος
919 3765 1118 3837 εὐθηλούμενον
1134 3765 1259 3834 Aeschyl.

291 3868 321 3934 9)
346 3864 420 3917 Haeo
438 3875 453 3913 a
471 3857 598 3924 corruptis
618 3857 762 3922 composita
780 3859 809 3908 ut
826 3854 993 3922 πολοείμων,
1013 3854 1209 3920 μιοθρέμμων,
1229 3848 1261 3904 ab
1280 3850 1321 3901 iu-

226 3949 352 4017 corruptis
374 3941 524 4010 ἀδαήμων,
547 3937 729 4006 φιλοθεάμων
746 3943 797 3994 etc.

293 4031 337 4098 10)
365 4019 468 4080 octaua
486 4023 580 4076 dietum
596 4039 614 4072 ο
629 4037 721 4088 praeno
737 4021 811 4093 nerto
828 4019 894 4073 ὠκύ
902 4041 924 4080 ς.
959 4019 1083 4074 Statittter
1100 4017 1320 4085 nundentonam

226 4117 297 4168 horto
314 4111 384 4165 Vari.
405 4109 435 4160 R.
454 4109 483 4162 R.
503 4107 523 4160 l.
543 4105 584 4171 31,
604 4105 628 4161 4.
