2772 4992
71 285 142 350 DE
154 284 251 352 Noni.
267 282 432 362 QUORUM
446 281 559 350 culn.
575 285 653 352 EST
667 285 884 353 conluunt.
907 288 939 352 C.
952 287 988 353 ll.
1006 294 1036 363 §.
1049 289 1079 352 t.
1107 281 1170 354 8³1

28 435 94 530 ο-ι,
114 446 250 534 Ἴβυκος,
263 445 412 532 Ἄμυκος,
433 445 596 530 Κύρυκος,
614 452 762 532 Σίμωνος,
778 451 916 527 Δὶνυκος
930 443 1031 534 ὄνομα
1043 448 1170 538 πόλεως,

29 550 210 629 Σίτυκος,
227 545 420 631 Ἆρπύλνκος
433 546 554 632 κύριον,
576 543 728 635 Εὔηνος,
746 545 905 627 Ἐλύουκος
925 547 1025 634 ὄνομα
1046 548 1170 632 ἔθνους,

33 652 90 714 Κ
89 645 218 733 η’ρακος
238 645 358 729 κύριον,
379 645 462 733 πλὴν
481 651 539 713 τοῦ
560 645 709 724 οόλοικος.
737 651 804 714 Duo
827 653 925 732 prima
946 651 1052 714 eadent
1068 653 1173 716 notis-

29 752 140 814 sinna
168 756 251 833 sunt,
280 749 402 812 tertium
424 751 515 813 etiam
537 751 755 831 appellativum
778 755 827 812 ost
854 744 995 830 κώρυκος
1024 743 1085 813 ἀπὸ
1112 751 1172 814 τοῦ

28 854 173 931 χωρεῖν
195 847 479 922 ἰωνικῶςΕαεῑαβι.
496 848 585 931 1534,
598 848 647 912 47.
669 848 729 911 luoc
751 854 799 911 est
820 848 945 911 mutatis
966 848 1171 912 antistoeolnis

32 949 142 1011 siout
162 943 332 1010 κεκάδοντο
354 963 372 1008 a
392 941 520 1028 χάζομαι
539 948 558 1012 i.
580 965 608 1028 q.
632 947 707 1011 cedo
729 947 829 1029 χωρῶ.
872 945 1011 1028 Σίμυκος
1030 964 1094 1010 non
1115 964 1170 1012 ro-

32 1046 149 1127 perio
173 1045 230 1110 setl
253 1040 395 1126 Σιμύκας
423 1045 583 1110 histrionis
604 1061 717 1111 nomen
736 1047 877 1125 ambigua
898 1047 1046 1127 scriptunn
1069 1064 1095 1110 v.
1116 1046 1170 1112 ln·-

34 1151 156 1223 terpr.
190 1143 229 1208 al
249 1146 359 1208 Athen.
380 1145 456 1208 Vlll.
477 1144 547 1211 348.
568 1146 605 1208 λ.
646 1144 707 1208 Pro
729 1146 872 1225 sequenti
898 1145 937 1209 alu
958 1145 1092 1210 Maudio
1114 1153 1170 1209 as·-

36 1242 243 1306 sumentium
272 1250 321 1307 est
338 1238 469 1316 Ἴνυκος.
510 1243 629 1307 Rursus
656 1259 773 1308 monam
804 1245 911 1324 obiicit
936 1243 1087 1322 Σίνυκος,
1120 1246 1170 1308 oui

38 1340 163 1404 simila
185 1343 312 1422 Spttcos
335 1344 406 1407 oliuu
428 1342 588 1424 legebatur
611 1343 695 1406 Suet.
718 1342 812 1424 Calig.
834 1361 860 1407 o.
876 1345 926 1409 55.
949 1343 1005 1408 sati
1025 1344 1068 1407 ibi
1088 1359 1171 1410 nunc

38 1439 222 1519 Eutychus
244 1444 463 1524 scriptumest
485 1447 666 1504 consuetum
688 1439 815 1505 Graecis
835 1459 963 1526 nomen,
985 1461 1004 1507 a
1023 1459 1085 1524 quo
1106 1437 1171 1507 Εὕ-

40 1559 155 1613 τυκος
177 1540 252 1603 nihil
273 1540 427 1606 divorsum
448 1539 576 1604 videtur.
613 1539 723 1603 Cetera
743 1547 819 1604 nota
840 1549 920 1607 sunt.
958 1541 1020 1607 Setl
1033 1559 1090 1624 pro
1105 1537 1171 1625 Kp'-

43 1659 173 1721 ρυκος,
202 1639 284 1721 quod
304 1641 369 1705 EM.
392 1640 480 1703 affert
508 1645 651 1718 tanquan
676 1656 781 1702 casum
803 1648 919 1704 nectum
942 1657 981 1704 ex
1003 1641 1169 1706 anadrome

44 1745 174 1820 ortum,
197 1738 278 1819 apud
291 1738 456 1802 Arcadium
477 1735 612 1818 κύρυκος
632 1737 770 1820 legimus,
790 1739 851 1800 nisi
864 1739 913 1802 hio
929 1736 1079 1820 Νάρυκος
1094 1742 1171 1804 sori-

45 1838 133 1918 psit.
177 1837 294 1901 Eodem
320 1844 451 1901 accentu
476 1843 548 1900 ενοι
560 1831 694 1910 ’Ἆλνκος
713 1836 787 1900 urbs
808 1837 1017 1919 Peloponnesi
1038 1857 1117 1920 quae
1139 1847 1171 1904 at

40 1930 163 2019 Ἁλίκη
190 1943 320 2000 uocatur
347 1955 375 2000 v.
399 1935 511 2000 Siobel.
540 1932 579 1998 ad
598 1934 689 1998 Paus,
715 1937 747 1998 Τ.
769 1936 790 1999 Ι.
812 1935 881 2001 259.
904 1932 1079 2011 αι”Αλυκος
1101 1939 1168 2002 sive

36 2030 179 2109 ’Ἀλικος
209 2035 333 2099 Siciliae
361 2035 487 2115 lluviuS,
510 2039 599 2114 cujus
628 2051 740 2098 nomen
762 2035 986 2116 Wasselingius
1015 2037 1053 2100 ad
1080 2039 1170 2108 Diod.

49 2133 125 2198 XV.
149 2134 197 2199 17.
222 2151 240 2196 a
261 2135 347 2197 salso
376 2149 491 2212 sapore
513 2135 685 2213 proiectum
707 2140 810 2215 putat,
840 2129 991 2208 Μόλυκος
1011 2135 1072 2200 dux
1092 2139 1171 2203 Ale-

50 2231 173 2296 xandri
198 2231 275 2296 Xlll.
303 2231 351 2297 54.
383 2227 530 2312 Φύρνκος
557 2232 649 2294 homo
676 2247 806 2311 graecus
833 2232 941 2312 Polyb.
970 2233 1018 2299 IX.
1048 2235 1168 2320 3110.

54 2326 215 2404 Φάλυκος
235 2330 309 2394 urbs
330 2329 495 2410 Megaridis
519 2330 671 2411 Theophr.
688 2330 855 2414 Histinil,
870 2331 895 2396 1.
918 2328 1068 2413 Νύρυκος
1083 2335 1169 2400 Pho-

53 2429 141 2493 cidis
163 2447 243 2511 quaa
265 2436 296 2492 et
317 2425 428 2510 Νύρυξ
450 2429 560 2492 dicitur
573 2447 600 2494 v.
616 2430 785 2495 Tzschuok.
807 2430 846 2495 acl
868 2432 968 2496 Strab.
983 2433 1015 2496 T.
1036 2433 1085 2498 lll.
1099 2434 1169 2503 549.

54 2528 189 2592 diverso
209 2523 354 2602 Ἀστυκός
375 2529 484 2593 iuvius
507 2545 574 2591 cuno
590 2529 672 2591 llxio
686 2529 844 2592 confluens
855 2530 1000 2610 Polyaeu.
1014 2531 1061 2596 lll.
1080 2533 1126 2616 12,
1139 2534 1168 2600 3.

58 2620 214 2701 Πανικός
242 2627 386 2708 oppidum
415 2626 581 2692 Oenotriae
603 2627 708 2706 Stepln
730 2645 809 2708 quae
831 2630 921 2692 laoile
950 2630 1062 2709 corrigi
1090 2649 1170 2711 pos-

56 2733 146 2791 sunt.
184 2726 312 2789 Praeter
338 2720 480 2807 κύρυκος
506 2725 599 2804 igitur
627 2726 845 2806 appellativum
873 2729 963 2808 lnuJus
985 2727 1171 2795 declinatio-

56 2827 114 2887 nis
135 2824 252 2888 nullum
274 2830 337 2903 est3
372 2824 486 2887 nullum
513 2824 586 2886 itam
606 2825 738 2908 primae,
768 2826 824 2890 sed
852 2822 1054 2909 Κεραμβύκαι
1078 2826 1172 2906 ἔθνος

51 2917 278 3005 Ὑπερβορέων
304 2923 409 3004 Steph.
428 2916 576 3006 Ἀρνύκας
595 2923 810 3006 Medusglliod.
833 2926 868 2989 ΙΙ.
890 2925 939 2990 33.
961 2933 991 2990 ei
1012 2927 1102 3008 plura
1122 2930 1172 2993 ie-

57 3024 181 3086 minina
208 3038 286 3103 quae
309 3022 526 3101 Theognostus
550 3023 617 3088 110.
640 3030 671 3086 et
693 3024 804 3088 troad.
827 3025 895 3089 107.
924 3026 1074 3106 permixte
1101 3045 1171 3093 oum
1308 3093 1314 3102 ,

59 3121 203 3204 propriis
217 3120 375 3184 exhibent:
397 3117 538 3204 Καλύκη,
555 3117 702 3204 ζαμβύκη,
722 3117 866 3205 ἰαμβύκη,
888 3119 1040 3206 σαμβύκη,
1058 3120 1170 3210 Ἰτύκη,

57 3215 195 3302 Ἐρύκη·
216 3214 357 3301 καρύκκη
370 3213 404 3281 δὲ
418 3213 470 3282 διὰ
484 3219 593 3284 ancaeo
613 3222 671 3285 τοῦ
691 3209 721 3300 κ,
743 3222 826 3302 quod
847 3221 1037 3287 addubitavit
1051 3224 1171 3290 Meina-

60 3322 136 3384 ltius
160 3318 199 3382 aul
220 3317 376 3382 Menandr.
395 3337 425 3399 p.
441 3317 509 3383 179.
538 3321 585 3382 λυ
606 3322 733 3400 propria
751 3322 804 3385 illa
824 3323 949 3404 ypsilon
970 3323 1093 3402 longum
1111 3325 1172 3388 ha·

60 3421 141 3484 bent
163 3424 197 3480 ut
218 3423 250 3480 et
270 3410 406 3497 Μοτύκη
428 3418 552 3482 Siciliae
573 3419 648 3483 urbs
669 3438 696 3485 u.
718 3422 847 3501 lntenpr.
871 3422 909 3485 ad
932 3422 984 3487 Sil.
1006 3421 1072 3485 ltol.
1093 3423 1170 3488 XIV.

61 3517 136 3582 268.
160 3523 191 3579 et
211 3523 355 3596 quantum
377 3532 416 3579 ex
435 3518 591 3596 gentilicio
605 3518 765 3599 Narycios
782 3521 931 3600 cognosci
943 3525 1058 3602 potest,
1079 3522 1171 3587 etiam

63 3611 219 3697 Ναρύκη,
241 3613 325 3695 quod
342 3615 480 3678 Diodoro
503 3618 677 3682 restitutum
699 3624 747 3681 est
768 3635 824 3700 pro
844 3612 963 3700 Ἇρύκη.
1007 3619 1068 3683 Sed
1090 3623 1172 3703 Bup-

64 3712 149 3798 βύκη
171 3715 314 3778 tibicinae
331 3730 444 3777 nornen
458 3714 586 3779 Theoon.
608 3717 734 3797 ypsilon
754 3718 878 3798 longum
896 3718 988 3780 habet
1009 3725 1043 3780 ut
1064 3721 1172 3799 prinni-

66 3817 162 3879 tivum
183 3809 311 3897 βόμβνξ,
335 3808 477 3895 Βεβρύκη
498 3814 596 3878 Danai
617 3815 678 3878 lilia
699 3834 727 3878 v.
752 3815 815 3880 Gal.
838 3815 875 3879 ad
892 3813 1035 3897 Apollod.
1051 3817 1086 3882 ll.
1101 3819 1128 3902 1,
1142 3819 1171 3886 5.

64 3906 183 3994 Ἀμύκη
205 3911 291 3991 ragio
309 3912 401 3994 Cypri
414 3912 514 3978 Malel.
526 3914 600 3978 Vlll.
616 3915 685 3980 201.
700 3917 767 3980 sine
783 3911 876 3980 dubio
892 3931 1007 3994 anceps
1023 3922 1056 3979 ut
1071 3924 1120 3980 est
1140 3918 1174 3983 in

67 4012 226 4093 gentilicio
242 4006 400 4091 Βέβρυκος
413 4018 443 4075 et
457 4012 489 4075 in
506 4014 641 4094 propriis
650 4009 787 4096 ’Ἀμυκος
802 4019 833 4077 et
848 4008 1011 4092 Κώρυκος,
1035 4015 1173 4096 ignotum

65 4096 200 4195 Ἀμύκης
212 4109 319 4174 πεδίον
331 4110 478 4192 Polynv.
487 4109 535 4176 59.
550 4108 701 4196 Βαμβύκη
713 4113 788 4179 urbs
797 4113 906 4194 Syriae
920 4107 1075 4178 οῖ’Όλνκα
1086 4111 1174 4194 πόλις
