<?xml version="1.0" encoding="UTF-8"?>
<!DOCTYPE html PUBLIC "-//W3C//DTD XHTML 1.0 Transitional//EN"
    "http://www.w3.org/TR/xhtml1/DTD/xhtml1-transitional.dtd">
<html xmlns="http://www.w3.org/1999/xhtml" xml:lang="en" lang="en">
 <head>
  <title>
</title>
<meta http-equiv="Content-Type" content="text/html;charset=utf-8" />
  <meta name='ocr-system' content='tesseract 3.04.00' />
  <meta name='ocr-capabilities' content='ocr_page ocr_carea ocr_par ocr_line ocrx_word'/>
</head>
<body>
  <div class='ocr_page' id='page_1' title='image "./pathologiaeserm01lobegoog_0020.png"; bbox 0 0 2788 4986; ppageno 0'>
   <div class='ocr_carea' id='block_1_1' title="bbox 52 1142 1147 2456">
    <p class='ocr_par' dir='ltr' id='par_1_1' title="bbox 52 1142 1147 2456">
     <span class='ocr_line' id='line_1_1' title="bbox 54 1142 1145 1274; baseline -0.002 -18"><span class='ocrx_word' id='word_1_1' title='bbox 54 1142 90 1256; x_wconf 75' lang='lat' dir='ltr'><strong>si</strong></span> <span class='ocrx_word' id='word_1_2' title='bbox 108 1193 173 1274; x_wconf 78' lang='lat' dir='ltr'><strong>quis</strong></span> <span class='ocrx_word' id='word_1_3' title='bbox 193 1187 371 1256; x_wconf 90' lang='lat' dir='ltr'><strong>Buttmauni</strong></span> <span class='ocrx_word' id='word_1_4' title='bbox 393 1194 424 1252; x_wconf 84' lang='lat' dir='ltr'><strong>et</strong></span> <span class='ocrx_word' id='word_1_5' title='bbox 442 1187 629 1252; x_wconf 86' lang='lat' dir='ltr'><strong>Matthiadae</strong></span> <span class='ocrx_word' id='word_1_6' title='bbox 650 1189 744 1253; x_wconf 76' lang='lat' dir='ltr'><strong>Artes</strong></span> <span class='ocrx_word' id='word_1_7' title='bbox 767 1189 989 1255; x_wconf 85' lang='lat' dir='ltr'><strong>cnm&#39;Conrndi</strong></span> <span class='ocrx_word' id='word_1_8' title='bbox 1012 1190 1145 1256; x_wconf 89' lang='lat' dir='ltr'><strong>Schnei-</strong></span> 
     </span>
     <span class='ocr_line' id='line_1_2' title="bbox 54 1287 1145 1372; baseline -0.003 -16"><span class='ocrx_word' id='word_1_9' title='bbox 54 1293 107 1356; x_wconf 89' lang='lat' dir='ltr'><strong>deri</strong></span> <span class='ocrx_word' id='word_1_10' title='bbox 128 1309 222 1372; x_wconf 93' lang='lat' dir='ltr'><strong>opere</strong></span> <span class='ocrx_word' id='word_1_11' title='bbox 243 1289 397 1352; x_wconf 89' lang='lat' dir='ltr'><strong>uberrimo</strong></span> <span class='ocrx_word' id='word_1_12' title='bbox 420 1289 470 1352; x_wconf 85' lang='lat' dir='ltr'><strong>vel</strong></span> <span class='ocrx_word' id='word_1_13' title='bbox 491 1287 569 1352; x_wconf 88' lang='lat' dir='ltr'><strong>adeo</strong></span> <span class='ocrx_word' id='word_1_14' title='bbox 592 1305 659 1351; x_wconf 90' lang='lat' dir='ltr'><strong>cum</strong></span> <span class='ocrx_word' id='word_1_15' title='bbox 674 1295 779 1352; x_wconf 90' lang='lat' dir='ltr'><strong>vetere</strong></span> <span class='ocrx_word' id='word_1_16' title='bbox 795 1289 848 1352; x_wconf 93' lang='lat' dir='ltr'><strong>illo</strong></span> <span class='ocrx_word' id='word_1_17' title='bbox 863 1289 1043 1353; x_wconf 74' lang='lat' dir='ltr'><strong>Aristarcho</strong></span> <span class='ocrx_word' id='word_1_18' title='bbox 1059 1289 1145 1354; x_wconf 91' lang='lat' dir='ltr'><strong>llos-</strong></span> 
     </span>
     <span class='ocr_line' id='line_1_3' title="bbox 53 1388 1145 1470; baseline -0.001 -16"><span class='ocrx_word' id='word_1_19' title='bbox 53 1395 128 1455; x_wconf 90' lang='lat' dir='ltr'><strong>siano</strong></span> <span class='ocrx_word' id='word_1_20' title='bbox 143 1389 380 1470; x_wconf 80' lang='lat' dir='ltr'><strong>comparaverit,</strong></span> <span class='ocrx_word' id='word_1_21' title='bbox 402 1389 544 1468; x_wconf 93' lang='lat' dir='ltr'><strong>protinus</strong></span> <span class='ocrx_word' id='word_1_22' title='bbox 565 1389 617 1452; x_wconf 92' lang='lat' dir='ltr'><strong>ille</strong></span> <span class='ocrx_word' id='word_1_23' title='bbox 638 1388 788 1468; x_wconf 74' lang='lat' dir='ltr'>intelliget</span> <span class='ocrx_word' id='word_1_24' title='bbox 807 1389 839 1451; x_wconf 91' lang='lat' dir='ltr'><strong>in</strong></span> <span class='ocrx_word' id='word_1_25' title='bbox 860 1406 1004 1469; x_wconf 87' lang='lat' dir='ltr'><strong>graecum</strong></span> <span class='ocrx_word' id='word_1_26' title='bbox 1022 1406 1145 1453; x_wconf 92' lang='lat' dir='ltr'><strong>sermo-</strong></span> 
     </span>
     <span class='ocr_line' id='line_1_4' title="bbox 53 1488 1145 1569; baseline -0.004 -15"><span class='ocrx_word' id='word_1_27' title='bbox 53 1508 110 1554; x_wconf 90' lang='lat' dir='ltr'><strong>nem</strong></span> <span class='ocrx_word' id='word_1_28' title='bbox 129 1489 224 1552; x_wconf 91' lang='lat' dir='ltr'><strong>multo</strong></span> <span class='ocrx_word' id='word_1_29' title='bbox 248 1489 347 1550; x_wconf 95' lang='lat' dir='ltr'><strong>minus</strong></span> <span class='ocrx_word' id='word_1_30' title='bbox 371 1504 485 1566; x_wconf 82' lang='lat' dir='ltr'><strong>operae</strong></span> <span class='ocrx_word' id='word_1_31' title='bbox 514 1495 545 1551; x_wconf 92' lang='lat' dir='ltr'><strong>et</strong></span> <span class='ocrx_word' id='word_1_32' title='bbox 566 1488 683 1551; x_wconf 85' lang='lat' dir='ltr'><strong>loboris</strong></span> <span class='ocrx_word' id='word_1_33' title='bbox 710 1488 875 1550; x_wconf 90' lang='lat' dir='ltr'><strong>insumtum</strong></span> <span class='ocrx_word' id='word_1_34' title='bbox 903 1505 975 1552; x_wconf 89' lang='lat' dir='ltr'><strong>esse</strong></span> <span class='ocrx_word' id='word_1_35' title='bbox 1002 1505 1093 1569; x_wconf 86' lang='lat' dir='ltr'><strong>quam</strong></span> <span class='ocrx_word' id='word_1_36' title='bbox 1113 1488 1145 1551; x_wconf 95' lang='lat' dir='ltr'><strong>in</strong></span> 
     </span>
     <span class='ocr_line' id='line_1_5' title="bbox 52 1585 1145 1668; baseline -0.002 -16"><span class='ocrx_word' id='word_1_37' title='bbox 52 1591 172 1653; x_wconf 87' lang='lat' dir='ltr'><strong>latinum.</strong></span> <span class='ocrx_word' id='word_1_38' title='bbox 227 1588 274 1650; x_wconf 80' lang='lat' dir='ltr'><strong>Ac</strong></span> <span class='ocrx_word' id='word_1_39' title='bbox 304 1587 331 1650; x_wconf 94' lang='lat' dir='ltr'><strong>si</strong></span> <span class='ocrx_word' id='word_1_40' title='bbox 362 1585 509 1668; x_wconf 80' lang='lat' dir='ltr'><strong>deinceps</strong></span> <span class='ocrx_word' id='word_1_41' title='bbox 536 1587 726 1668; x_wconf 84' lang='lat' dir='ltr'><strong>reputaverit</strong></span> <span class='ocrx_word' id='word_1_42' title='bbox 760 1603 778 1648; x_wconf 99' lang='lat' dir='ltr'><strong>a</strong></span> <span class='ocrx_word' id='word_1_43' title='bbox 805 1595 932 1650; x_wconf 89' lang='lat' dir='ltr'><strong>nostrae</strong></span> <span class='ocrx_word' id='word_1_44' title='bbox 960 1587 1145 1650; x_wconf 84' lang='lat' dir='ltr'><strong>vernaculae</strong></span> 
     </span>
     <span class='ocr_line' id='line_1_6' title="bbox 52 1686 1144 1768; baseline -0.002 -18"><span class='ocrx_word' id='word_1_45' title='bbox 52 1689 160 1768; x_wconf 88' lang='lat' dir='ltr'><strong>linguae</strong></span> <span class='ocrx_word' id='word_1_46' title='bbox 182 1693 276 1766; x_wconf 88' lang='lat' dir='ltr'><strong>atque</strong></span> <span class='ocrx_word' id='word_1_47' title='bbox 299 1701 403 1748; x_wconf 90' lang='lat' dir='ltr'><strong>earnm</strong></span> <span class='ocrx_word' id='word_1_48' title='bbox 425 1703 504 1766; x_wconf 87' lang='lat' dir='ltr'><strong>quae</strong></span> <span class='ocrx_word' id='word_1_49' title='bbox 527 1686 694 1750; x_wconf 74' lang='lat' dir='ltr'><strong>orientales</strong></span> <span class='ocrx_word' id='word_1_50' title='bbox 715 1693 866 1749; x_wconf 91' lang='lat' dir='ltr'><strong>vocantur</strong></span> <span class='ocrx_word' id='word_1_51' title='bbox 887 1686 1043 1766; x_wconf 84' lang='lat' dir='ltr'><strong>magistris</strong></span> <span class='ocrx_word' id='word_1_52' title='bbox 1065 1703 1144 1767; x_wconf 87' lang='lat' dir='ltr'><strong>quae</strong></span> 
     </span>
     <span class='ocr_line' id='line_1_7' title="bbox 52 1782 1146 1868; baseline -0.002 -20"><span class='ocrx_word' id='word_1_53' title='bbox 52 1805 95 1850; x_wconf 92' lang='lat' dir='ltr'><strong>res</strong></span> <span class='ocrx_word' id='word_1_54' title='bbox 116 1787 221 1867; x_wconf 89' lang='lat' dir='ltr'><strong>quaeri</strong></span> <span class='ocrx_word' id='word_1_55' title='bbox 242 1791 273 1847; x_wconf 90' lang='lat' dir='ltr'><strong>et</strong></span> <span class='ocrx_word' id='word_1_56' title='bbox 295 1782 445 1863; x_wconf 89' lang='lat' dir='ltr'><strong>disputari</strong></span> <span class='ocrx_word' id='word_1_57' title='bbox 467 1784 605 1868; x_wconf 86' lang='lat' dir='ltr'><strong>soleant,</strong></span> <span class='ocrx_word' id='word_1_58' title='bbox 633 1791 696 1848; x_wconf 91' lang='lat' dir='ltr'><strong>tum</strong></span> <span class='ocrx_word' id='word_1_59' title='bbox 720 1801 794 1847; x_wconf 91' lang='lat' dir='ltr'><strong>vero</strong></span> <span class='ocrx_word' id='word_1_60' title='bbox 818 1785 909 1847; x_wconf 88' lang='lat' dir='ltr'><strong>etiam</strong></span> <span class='ocrx_word' id='word_1_61' title='bbox 930 1785 1028 1864; x_wconf 91' lang='lat' dir='ltr'><strong>magis</strong></span> <span class='ocrx_word' id='word_1_62' title='bbox 1049 1785 1146 1847; x_wconf 90' lang='lat' dir='ltr'><strong>mira-</strong></span> 
     </span>
     <span class='ocr_line' id='line_1_8' title="bbox 52 1881 1146 1966; baseline -0.004 -17"><span class='ocrx_word' id='word_1_63' title='bbox 52 1886 123 1949; x_wconf 84' lang='lat' dir='ltr'><strong>bitur</strong></span> <span class='ocrx_word' id='word_1_64' title='bbox 147 1900 237 1966; x_wconf 86' lang='lat' dir='ltr'><strong>quam</strong></span> <span class='ocrx_word' id='word_1_65' title='bbox 265 1882 351 1946; x_wconf 94' lang='lat' dir='ltr'><strong>multi</strong></span> <span class='ocrx_word' id='word_1_66' title='bbox 381 1881 603 1946; x_wconf 86' lang='lat' dir='ltr'><strong>Grammaticae</strong></span> <span class='ocrx_word' id='word_1_67' title='bbox 636 1883 697 1946; x_wconf 96' lang='lat' dir='ltr'><strong>loci</strong></span> <span class='ocrx_word' id='word_1_68' title='bbox 729 1901 879 1964; x_wconf 85' lang='lat' dir='ltr'><strong>quamque</strong></span> <span class='ocrx_word' id='word_1_69' title='bbox 905 1900 1017 1964; x_wconf 88' lang='lat' dir='ltr'><strong>graves</strong></span> <span class='ocrx_word' id='word_1_70' title='bbox 1046 1900 1146 1964; x_wconf 87' lang='lat' dir='ltr'><strong>usque</strong></span> 
     </span>
     <span class='ocr_line' id='line_1_9' title="bbox 53 1981 1147 2064; baseline -0.005 -17"><span class='ocrx_word' id='word_1_71' title='bbox 53 1983 133 2047; x_wconf 91' lang='lat' dir='ltr'><strong>adid</strong></span> <span class='ocrx_word' id='word_1_72' title='bbox 154 1984 294 2046; x_wconf 92' lang='lat' dir='ltr'><strong>locorum</strong></span> <span class='ocrx_word' id='word_1_73' title='bbox 317 1988 369 2044; x_wconf 90' lang='lat' dir='ltr'><strong>aut</strong></span> <span class='ocrx_word' id='word_1_74' title='bbox 391 1981 482 2062; x_wconf 93' lang='lat' dir='ltr'><strong>plane</strong></span> <span class='ocrx_word' id='word_1_75' title='bbox 504 1989 596 2063; x_wconf 86' lang='lat' dir='ltr'><strong>alque</strong></span> <span class='ocrx_word' id='word_1_76' title='bbox 626 1985 747 2046; x_wconf 92' lang='lat' dir='ltr'><strong>omnino</strong></span> <span class='ocrx_word' id='word_1_77' title='bbox 770 1983 929 2064; x_wconf 92' lang='lat' dir='ltr'><strong>praeteriti</strong></span> <span class='ocrx_word' id='word_1_78' title='bbox 957 1988 1009 2044; x_wconf 89' lang='lat' dir='ltr'><strong>aut</strong></span> <span class='ocrx_word' id='word_1_79' title='bbox 1036 1981 1147 2044; x_wconf 85' lang='lat' dir='ltr'><strong>leviter</strong></span> 
     </span>
     <span class='ocr_line' id='line_1_10' title="bbox 54 2080 1145 2162; baseline -0.003 -18"><span class='ocrx_word' id='word_1_80' title='bbox 54 2091 186 2162; x_wconf 89' lang='lat' dir='ltr'><strong>tanquam</strong></span> <span class='ocrx_word' id='word_1_81' title='bbox 216 2097 235 2143; x_wconf 90' lang='lat' dir='ltr'><strong>a</strong></span> <span class='ocrx_word' id='word_1_82' title='bbox 266 2081 483 2142; x_wconf 80' lang='lat' dir='ltr'><strong>festinantibus</strong></span> <span class='ocrx_word' id='word_1_83' title='bbox 513 2083 653 2161; x_wconf 92' lang='lat' dir='ltr'><strong>percursi</strong></span> <span class='ocrx_word' id='word_1_84' title='bbox 681 2084 752 2146; x_wconf 92' lang='lat' dir='ltr'><strong>sint.</strong></span> <span class='ocrx_word' id='word_1_85' title='bbox 805 2083 926 2146; x_wconf 89' lang='lat' dir='ltr'><strong>Etenim</strong></span> <span class='ocrx_word' id='word_1_86' title='bbox 955 2080 1053 2143; x_wconf 92' lang='lat' dir='ltr'><strong>omnis</strong></span> <span class='ocrx_word' id='word_1_87' title='bbox 1080 2081 1145 2142; x_wconf 91' lang='lat' dir='ltr'><strong>lere</strong></span> 
     </span>
     <span class='ocr_line' id='line_1_11' title="bbox 53 2179 1145 2264; baseline -0.004 -20"><span class='ocrx_word' id='word_1_88' title='bbox 53 2181 204 2244; x_wconf 91' lang='lat' dir='ltr'><strong>doctorum</strong></span> <span class='ocrx_word' id='word_1_89' title='bbox 236 2196 332 2260; x_wconf 90' lang='lat' dir='ltr'><strong>opera</strong></span> <span class='ocrx_word' id='word_1_90' title='bbox 359 2187 485 2242; x_wconf 87' lang='lat' dir='ltr'><strong>versata</strong></span> <span class='ocrx_word' id='word_1_91' title='bbox 513 2186 562 2242; x_wconf 91' lang='lat' dir='ltr'><strong>est</strong></span> <span class='ocrx_word' id='word_1_92' title='bbox 589 2179 707 2243; x_wconf 91' lang='lat' dir='ltr'><strong>duabus</strong></span> <span class='ocrx_word' id='word_1_93' title='bbox 736 2181 768 2243; x_wconf 95' lang='lat' dir='ltr'><strong>in</strong></span> <span class='ocrx_word' id='word_1_94' title='bbox 793 2182 903 2264; x_wconf 88' lang='lat' dir='ltr'><strong>rebus,</strong></span> <span class='ocrx_word' id='word_1_95' title='bbox 931 2195 1007 2262; x_wconf 84' lang='lat' dir='ltr'><strong>nna,</strong></span> <span class='ocrx_word' id='word_1_96' title='bbox 1036 2194 1145 2258; x_wconf 86' lang='lat' dir='ltr'><strong>quem-</strong></span> 
     </span>
     <span class='ocr_line' id='line_1_12' title="bbox 53 2276 1144 2360; baseline -0.004 -18"><span class='ocrx_word' id='word_1_97' title='bbox 53 2279 202 2342; x_wconf 90' lang='lat' dir='ltr'><strong>admodum</strong></span> <span class='ocrx_word' id='word_1_98' title='bbox 229 2278 384 2341; x_wconf 87' lang='lat' dir='ltr'><strong>vocabula</strong></span> <span class='ocrx_word' id='word_1_99' title='bbox 411 2295 429 2340; x_wconf 92' lang='lat' dir='ltr'><strong>a</strong></span> <span class='ocrx_word' id='word_1_100' title='bbox 457 2285 544 2341; x_wconf 90' lang='lat' dir='ltr'><strong>recto</strong></span> <span class='ocrx_word' id='word_1_101' title='bbox 567 2276 757 2342; x_wconf 90' lang='lat' dir='ltr'><strong>declinentur</strong></span> <span class='ocrx_word' id='word_1_102' title='bbox 778 2280 811 2342; x_wconf 93' lang='lat' dir='ltr'><strong>in</strong></span> <span class='ocrx_word' id='word_1_103' title='bbox 833 2280 1004 2360; x_wconf 87' lang='lat' dir='ltr'><strong>obliqunm;</strong></span> <span class='ocrx_word' id='word_1_104' title='bbox 1037 2277 1144 2358; x_wconf 87' lang='lat' dir='ltr'><strong>altera,</strong></span> 
     </span>
     <span class='ocr_line' id='line_1_13' title="bbox 52 2375 1145 2456; baseline -0.004 -15"><span class='ocrx_word' id='word_1_105' title='bbox 52 2385 80 2441; x_wconf 91' lang='lat' dir='ltr'><strong>ut</strong></span> <span class='ocrx_word' id='word_1_106' title='bbox 100 2397 133 2442; x_wconf 92' lang='lat' dir='ltr'><strong>ea</strong></span> <span class='ocrx_word' id='word_1_107' title='bbox 151 2380 231 2441; x_wconf 90' lang='lat' dir='ltr'><strong>inter</strong></span> <span class='ocrx_word' id='word_1_108' title='bbox 260 2394 295 2440; x_wconf 90' lang='lat' dir='ltr'><strong>se</strong></span> <span class='ocrx_word' id='word_1_109' title='bbox 321 2377 442 2439; x_wconf 89' lang='lat' dir='ltr'><strong>ratione</strong></span> <span class='ocrx_word' id='word_1_110' title='bbox 463 2381 630 2456; x_wconf 88' lang='lat' dir='ltr'><strong>conjuncta</strong></span> <span class='ocrx_word' id='word_1_111' title='bbox 655 2380 840 2442; x_wconf 86' lang='lat' dir='ltr'><strong>sententiam</strong></span> <span class='ocrx_word' id='word_1_112' title='bbox 862 2378 996 2441; x_wconf 85' lang='lat' dir='ltr'><strong>ederant.</strong></span> <span class='ocrx_word' id='word_1_113' title='bbox 1037 2375 1145 2439; x_wconf 87' lang='lat' dir='ltr'><strong>Decli-</strong></span> 
     </span>
    </p>
   </div>
   <div class='ocr_carea' id='block_1_2' title="bbox 51 2474 1147 2754">
    <p class='ocr_par' dir='ltr' id='par_1_2' title="bbox 51 2474 1147 2754">
     <span class='ocr_line' id='line_1_14' title="bbox 51 2474 1146 2560; baseline -0.002 -20"><span class='ocrx_word' id='word_1_114' title='bbox 51 2478 194 2540; x_wconf 92' lang='lat' dir='ltr'><strong>nationem</strong></span> <span class='ocrx_word' id='word_1_115' title='bbox 215 2492 291 2538; x_wconf 88' lang='lat' dir='ltr'><strong>vero</strong></span> <span class='ocrx_word' id='word_1_116' title='bbox 317 2474 470 2556; x_wconf 89' lang='lat' dir='ltr'><strong>duplicem</strong></span> <span class='ocrx_word' id='word_1_117' title='bbox 491 2492 563 2539; x_wconf 91' lang='lat' dir='ltr'><strong>esse</strong></span> <span class='ocrx_word' id='word_1_118' title='bbox 580 2484 713 2560; x_wconf 89' lang='lat' dir='ltr'><strong>constat,</strong></span> <span class='ocrx_word' id='word_1_119' title='bbox 734 2493 825 2552; x_wconf 87' lang='lat' dir='ltr'><strong>unam</strong></span> <span class='ocrx_word' id='word_1_120' title='bbox 846 2475 1016 2539; x_wconf 85' lang='lat' dir='ltr'><strong>naturalem</strong></span> <span class='ocrx_word' id='word_1_121' title='bbox 1035 2475 1067 2536; x_wconf 93' lang='lat' dir='ltr'><strong>in</strong></span> <span class='ocrx_word' id='word_1_122' title='bbox 1089 2491 1146 2538; x_wconf 89' lang='lat' dir='ltr'><strong>ca-</strong></span> 
     </span>
     <span class='ocr_line' id='line_1_15' title="bbox 53 2572 1145 2658; baseline -0.003 -20"><span class='ocrx_word' id='word_1_123' title='bbox 53 2593 115 2658; x_wconf 82' lang='lat' dir='ltr'><strong>sus,</strong></span> <span class='ocrx_word' id='word_1_124' title='bbox 146 2591 310 2656; x_wconf 90' lang='lat' dir='ltr'><strong>numeros,</strong></span> <span class='ocrx_word' id='word_1_125' title='bbox 345 2589 475 2656; x_wconf 88' lang='lat' dir='ltr'><strong>genera,</strong></span> <span class='ocrx_word' id='word_1_126' title='bbox 507 2573 637 2658; x_wconf 87' lang='lat' dir='ltr'><strong>gradus,</strong></span> <span class='ocrx_word' id='word_1_127' title='bbox 673 2583 828 2658; x_wconf 87' lang='lat' dir='ltr'><strong>tempora,</strong></span> <span class='ocrx_word' id='word_1_128' title='bbox 857 2573 985 2653; x_wconf 82' lang='lat' dir='ltr'><strong>modos3</strong></span> <span class='ocrx_word' id='word_1_129' title='bbox 1019 2590 1080 2653; x_wconf 85' lang='lat' dir='ltr'><strong>qua</strong></span> <span class='ocrx_word' id='word_1_130' title='bbox 1107 2572 1145 2636; x_wconf 94' lang='lat' dir='ltr'><strong>de</strong></span> 
     </span>
     <span class='ocr_line' id='line_1_16' title="bbox 54 2672 1147 2754; baseline -0.002 -17"><span class='ocrx_word' id='word_1_131' title='bbox 54 2673 234 2737; x_wconf 87' lang='lat' dir='ltr'><strong>Grammatici</strong></span> <span class='ocrx_word' id='word_1_132' title='bbox 262 2674 363 2736; x_wconf 93' lang='lat' dir='ltr'><strong>nostri</strong></span> <span class='ocrx_word' id='word_1_133' title='bbox 398 2679 515 2735; x_wconf 90' lang='lat' dir='ltr'><strong>tantum</strong></span> <span class='ocrx_word' id='word_1_134' title='bbox 545 2672 668 2736; x_wconf 88' lang='lat' dir='ltr'><strong>tradunt</strong></span> <span class='ocrx_word' id='word_1_135' title='bbox 696 2681 841 2754; x_wconf 86' lang='lat' dir='ltr'><strong>qnantum</strong></span> <span class='ocrx_word' id='word_1_136' title='bbox 868 2672 907 2736; x_wconf 90' lang='lat' dir='ltr'><strong>ad</strong></span> <span class='ocrx_word' id='word_1_137' title='bbox 936 2674 1068 2736; x_wconf 91' lang='lat' dir='ltr'><strong>tironum</strong></span> <span class='ocrx_word' id='word_1_138' title='bbox 1095 2673 1147 2735; x_wconf 94' lang='lat' dir='ltr'><strong>in-</strong></span> 
     </span>
    </p>
   </div>
   <div class='ocr_carea' id='block_1_3' title="bbox 53 2866 1148 4321">
    <p class='ocr_par' dir='ltr' id='par_1_3' title="bbox 53 2866 1148 4321">
     <span class='ocr_line' id='line_1_17' title="bbox 53 2866 1147 2952; baseline 0.002 -22"><span class='ocrx_word' id='word_1_139' title='bbox 53 2869 89 2943; x_wconf 82' lang='grc' dir='ltr'><strong>εἰς</strong></span> <span class='ocrx_word' id='word_1_140' title='bbox 106 2866 203 2952; x_wconf 74' lang='grc' dir='ltr'><strong><em>ὄνομα</em></strong></span> <span class='ocrx_word' id='word_1_141' title='bbox 232 2870 347 2934; x_wconf 79' lang='lat' dir='ltr'><strong>dnecd.</strong></span> <span class='ocrx_word' id='word_1_142' title='bbox 368 2871 463 2934; x_wconf 78' lang='lat' dir='ltr'><strong>Belli.</strong></span> <span class='ocrx_word' id='word_1_143' title='bbox 485 2869 556 2935; x_wconf 87' lang='lat'><strong>858.</strong></span> <span class='ocrx_word' id='word_1_144' title='bbox 584 2871 644 2933; x_wconf 91' lang='lat' dir='ltr'><strong>lroc</strong></span> <span class='ocrx_word' id='word_1_145' title='bbox 667 2878 715 2935; x_wconf 91' lang='lat' dir='ltr'><strong>est</strong></span> <span class='ocrx_word' id='word_1_146' title='bbox 742 2871 769 2934; x_wconf 92' lang='lat' dir='ltr'><strong>si</strong></span> <span class='ocrx_word' id='word_1_147' title='bbox 791 2888 810 2932; x_wconf 89' lang='lat' dir='ltr'><strong>a</strong></span> <span class='ocrx_word' id='word_1_148' title='bbox 830 2868 983 2933; x_wconf 89' lang='lat' dir='ltr'><strong>vocabulo</strong></span> <span class='ocrx_word' id='word_1_149' title='bbox 1005 2870 1147 2932; x_wconf 82' lang='lat' dir='ltr'><strong>vocabu-</strong></span> 
     </span>
     <span class='ocr_line' id='line_1_18' title="bbox 54 2968 1146 3050; baseline 0.002 -20"><span class='ocrx_word' id='word_1_150' title='bbox 54 2969 106 3032; x_wconf 93' lang='lat' dir='ltr'><strong>lum</strong></span> <span class='ocrx_word' id='word_1_151' title='bbox 125 2969 295 3034; x_wconf 90' lang='lat' dir='ltr'><strong>declinatur</strong></span> <span class='ocrx_word' id='word_1_152' title='bbox 316 2977 403 3032; x_wconf 87' lang='lat' dir='ltr'><strong>recta</strong></span> <span class='ocrx_word' id='word_1_153' title='bbox 423 2969 580 3050; x_wconf 90' lang='lat' dir='ltr'><strong>positione</strong></span> <span class='ocrx_word' id='word_1_154' title='bbox 600 2971 748 3050; x_wconf 80' lang='lat' dir='ltr'><strong>singulari</strong></span> <span class='ocrx_word' id='word_1_155' title='bbox 769 2971 800 3032; x_wconf 95' lang='lat' dir='ltr'><strong>in</strong></span> <span class='ocrx_word' id='word_1_156' title='bbox 820 2976 936 3032; x_wconf 87' lang='lat' dir='ltr'><strong>rectam</strong></span> <span class='ocrx_word' id='word_1_157' title='bbox 952 2968 1146 3049; x_wconf 86' lang='lat' dir='ltr'><strong>singularem.</strong></span> 
     </span>
     <span class='ocr_line' id='line_1_19' title="bbox 53 3067 1147 3149; baseline 0.001 -20"><span class='ocrx_word' id='word_1_158' title='bbox 53 3067 129 3132; x_wconf 88' lang='lat' dir='ltr'><strong>llanc</strong></span> <span class='ocrx_word' id='word_1_159' title='bbox 147 3086 223 3132; x_wconf 82' lang='lat' dir='ltr'><strong>uero</strong></span> <span class='ocrx_word' id='word_1_160' title='bbox 245 3071 298 3131; x_wconf 84' lang='lat' dir='ltr'><strong>uix</strong></span> <span class='ocrx_word' id='word_1_161' title='bbox 318 3069 425 3149; x_wconf 92' lang='lat' dir='ltr'><strong>primis</strong></span> <span class='ocrx_word' id='word_1_162' title='bbox 447 3068 537 3130; x_wconf 90' lang='lat' dir='ltr'><strong>lineis</strong></span> <span class='ocrx_word' id='word_1_163' title='bbox 560 3067 751 3149; x_wconf 82' lang='lat' dir='ltr'><strong>designatam</strong></span> <span class='ocrx_word' id='word_1_164' title='bbox 767 3070 924 3132; x_wconf 78' lang='lat' dir='ltr'><strong>habemns,</strong></span> <span class='ocrx_word' id='word_1_165' title='bbox 966 3067 1074 3148; x_wconf 86' lang='lat' dir='ltr'><strong>Neque</strong></span> <span class='ocrx_word' id='word_1_166' title='bbox 1096 3075 1147 3130; x_wconf 92' lang='lat' dir='ltr'><strong>ta-</strong></span> 
     </span>
     <span class='ocr_line' id='line_1_20' title="bbox 53 3167 1147 3248; baseline 0 -19"><span class='ocrx_word' id='word_1_167' title='bbox 53 3184 112 3230; x_wconf 89' lang='lat' dir='ltr'><strong>men</strong></span> <span class='ocrx_word' id='word_1_168' title='bbox 133 3168 223 3232; x_wconf 90' lang='lat' dir='ltr'><strong>iacile</strong></span> <span class='ocrx_word' id='word_1_169' title='bbox 245 3167 360 3230; x_wconf 84' lang='lat' dir='ltr'><strong>dixeris</strong></span> <span class='ocrx_word' id='word_1_170' title='bbox 387 3174 457 3229; x_wconf 88' lang='lat' dir='ltr'><strong>utra</strong></span> <span class='ocrx_word' id='word_1_171' title='bbox 485 3183 558 3247; x_wconf 92' lang='lat' dir='ltr'><strong>pars</strong></span> <span class='ocrx_word' id='word_1_172' title='bbox 587 3167 625 3230; x_wconf 90' lang='lat' dir='ltr'><strong>ad</strong></span> <span class='ocrx_word' id='word_1_173' title='bbox 651 3176 790 3232; x_wconf 81' lang='lat' dir='ltr'><strong>veterum</strong></span> <span class='ocrx_word' id='word_1_174' title='bbox 817 3169 1003 3248; x_wconf 91' lang='lat' dir='ltr'><strong>scriptorum</strong></span> <span class='ocrx_word' id='word_1_175' title='bbox 1029 3167 1147 3230; x_wconf 93' lang='lat' dir='ltr'><strong>intelli-</strong></span> 
     </span>
     <span class='ocr_line' id='line_1_21' title="bbox 54 3266 1146 3350; baseline -0.001 -22"><span class='ocrx_word' id='word_1_176' title='bbox 54 3268 175 3344; x_wconf 89' lang='lat' dir='ltr'><strong>gentiam</strong></span> <span class='ocrx_word' id='word_1_177' title='bbox 187 3267 287 3346; x_wconf 88' lang='lat' dir='ltr'><strong>magis</strong></span> <span class='ocrx_word' id='word_1_178' title='bbox 303 3267 343 3328; x_wconf 93' lang='lat' dir='ltr'><strong>sit</strong></span> <span class='ocrx_word' id='word_1_179' title='bbox 357 3267 545 3330; x_wconf 88' lang='lat' dir='ltr'><strong>necessaria.</strong></span> <span class='ocrx_word' id='word_1_180' title='bbox 587 3266 725 3348; x_wconf 87' lang='lat' dir='ltr'><strong>Namque</strong></span> <span class='ocrx_word' id='word_1_181' title='bbox 747 3285 831 3350; x_wconf 86' lang='lat' dir='ltr'><strong>casu,</strong></span> <span class='ocrx_word' id='word_1_182' title='bbox 852 3282 974 3348; x_wconf 88' lang='lat' dir='ltr'><strong>genere,</strong></span> <span class='ocrx_word' id='word_1_183' title='bbox 997 3272 1146 3348; x_wconf 90' lang='lat' dir='ltr'><strong>tempore,</strong></span> 
     </span>
     <span class='ocr_line' id='line_1_22' title="bbox 54 3364 1148 3448; baseline 0 -22"><span class='ocrx_word' id='word_1_184' title='bbox 54 3364 138 3443; x_wconf 87' lang='lat' dir='ltr'><strong>gradu</strong></span> <span class='ocrx_word' id='word_1_185' title='bbox 159 3365 413 3445; x_wconf 81' lang='lat' dir='ltr'><strong>significationem</strong></span> <span class='ocrx_word' id='word_1_186' title='bbox 435 3365 545 3427; x_wconf 88' lang='lat' dir='ltr'><strong>mutari</strong></span> <span class='ocrx_word' id='word_1_187' title='bbox 568 3372 598 3428; x_wconf 88' lang='lat' dir='ltr'><strong>et</strong></span> <span class='ocrx_word' id='word_1_188' title='bbox 626 3383 686 3446; x_wconf 87' lang='lat' dir='ltr'><strong>quo</strong></span> <span class='ocrx_word' id='word_1_189' title='bbox 717 3373 859 3448; x_wconf 89' lang='lat' dir='ltr'><strong>mutetur,</strong></span> <span class='ocrx_word' id='word_1_190' title='bbox 887 3365 1065 3446; x_wconf 90' lang='lat' dir='ltr'><strong>plerumque</strong></span> <span class='ocrx_word' id='word_1_191' title='bbox 1087 3381 1148 3444; x_wconf 93' lang='lat' dir='ltr'><strong>pa-</strong></span> 
     </span>
     <span class='ocr_line' id='line_1_23' title="bbox 55 3462 1146 3543; baseline 0.002 -19"><span class='ocrx_word' id='word_1_192' title='bbox 55 3469 106 3543; x_wconf 79' lang='lat' dir='ltr'><strong>tet3</strong></span> <span class='ocrx_word' id='word_1_193' title='bbox 138 3465 193 3529; x_wconf 91' lang='lat' dir='ltr'><strong>scd</strong></span> <span class='ocrx_word' id='word_1_194' title='bbox 221 3463 318 3529; x_wconf 93' lang='lat' dir='ltr'><strong>multo</strong></span> <span class='ocrx_word' id='word_1_195' title='bbox 349 3462 500 3526; x_wconf 90' lang='lat' dir='ltr'><strong>occultior</strong></span> <span class='ocrx_word' id='word_1_196' title='bbox 530 3470 578 3527; x_wconf 89' lang='lat' dir='ltr'><strong>est</strong></span> <span class='ocrx_word' id='word_1_197' title='bbox 599 3463 800 3528; x_wconf 87' lang='lat' dir='ltr'><strong>derivationis</strong></span> <span class='ocrx_word' id='word_1_198' title='bbox 821 3465 919 3543; x_wconf 84' lang='lat' dir='ltr'><strong>rati03</strong></span> <span class='ocrx_word' id='word_1_199' title='bbox 954 3463 1003 3525; x_wconf 90' lang='lat' dir='ltr'><strong>cui</strong></span> <span class='ocrx_word' id='word_1_200' title='bbox 1031 3463 1146 3526; x_wconf 90' lang='lat' dir='ltr'><strong>nomini</strong></span> 
     </span>
     <span class='ocr_line' id='line_1_24' title="bbox 56 3562 1145 3644; baseline 0.004 -21"><span class='ocrx_word' id='word_1_201' title='bbox 56 3563 221 3642; x_wconf 87' lang='lat' dir='ltr'><strong>subjicimus</strong></span> <span class='ocrx_word' id='word_1_202' title='bbox 250 3578 357 3626; x_wconf 91' lang='lat' dir='ltr'><strong>omnes</strong></span> <span class='ocrx_word' id='word_1_203' title='bbox 385 3562 501 3642; x_wconf 93' lang='lat' dir='ltr'><strong>primae</strong></span> <span class='ocrx_word' id='word_1_204' title='bbox 530 3569 560 3624; x_wconf 91' lang='lat' dir='ltr'><strong>et</strong></span> <span class='ocrx_word' id='word_1_205' title='bbox 586 3563 735 3644; x_wconf 90' lang='lat' dir='ltr'><strong>simplicis</strong></span> <span class='ocrx_word' id='word_1_206' title='bbox 764 3564 930 3644; x_wconf 91' lang='lat' dir='ltr'><strong>positionis</strong></span> <span class='ocrx_word' id='word_1_207' title='bbox 951 3562 1145 3627; x_wconf 75' lang='lat' dir='ltr'><strong>uicissitudi-</strong></span> 
     </span>
     <span class='ocr_line' id='line_1_25' title="bbox 55 3659 1147 3746; baseline 0.003 -25"><span class='ocrx_word' id='word_1_208' title='bbox 55 3675 116 3743; x_wconf 81' lang='lat' dir='ltr'><strong>nes,</strong></span> <span class='ocrx_word' id='word_1_209' title='bbox 149 3663 214 3726; x_wconf 90' lang='lat' dir='ltr'><strong>sive</strong></span> <span class='ocrx_word' id='word_1_210' title='bbox 249 3667 397 3725; x_wconf 88' lang='lat' dir='ltr'><strong>accentus</strong></span> <span class='ocrx_word' id='word_1_211' title='bbox 436 3666 569 3723; x_wconf 91' lang='lat' dir='ltr'><strong>mutatur</strong></span> <span class='ocrx_word' id='word_1_212' title='bbox 602 3670 635 3724; x_wconf 91' lang='lat' dir='ltr'><strong>ut</strong></span> <span class='ocrx_word' id='word_1_213' title='bbox 670 3659 805 3744; x_wconf 76' lang='grc' dir='ltr'><strong><em>γλαυκός</em></strong></span> <span class='ocrx_word' id='word_1_214' title='bbox 835 3663 994 3739; x_wconf 65' lang='grc' dir='ltr'><strong><em>Γλαῦκος,</em></strong></span> <span class='ocrx_word' id='word_1_215' title='bbox 1027 3659 1147 3746; x_wconf 78' lang='grc' dir='ltr'><strong><em>πυῤῥός</em></strong></span> 
     </span>
     <span class='ocr_line' id='line_1_26' title="bbox 59 3754 1147 3845; baseline 0.005 -26"><span class='ocrx_word' id='word_1_216' title='bbox 59 3755 173 3838; x_wconf 79' lang='grc' dir='ltr'><em>Πύῤῥος</em></span> <span class='ocrx_word' id='word_1_217' title='bbox 200 3762 245 3840; x_wconf 91' lang='lat' dir='ltr'><strong>(et</strong></span> <span class='ocrx_word' id='word_1_218' title='bbox 265 3754 373 3840; x_wconf 83' lang='grc' dir='ltr'><strong><em>πύῤῥα</em></strong></span> <span class='ocrx_word' id='word_1_219' title='bbox 393 3761 459 3822; x_wconf 80' lang='lat' dir='ltr'><strong>avis</strong></span> <span class='ocrx_word' id='word_1_220' title='bbox 484 3763 619 3844; x_wconf 90' lang='lat' dir='ltr'><strong>nomen),</strong></span> <span class='ocrx_word' id='word_1_221' title='bbox 647 3764 714 3825; x_wconf 89' lang='lat' dir='ltr'><strong>sive</strong></span> <span class='ocrx_word' id='word_1_222' title='bbox 739 3763 863 3845; x_wconf 84' lang='lat' dir='ltr'><strong>literae,</strong></span> <span class='ocrx_word' id='word_1_223' title='bbox 892 3759 975 3842; x_wconf 86' lang='lat' dir='ltr'><strong>qnod</strong></span> <span class='ocrx_word' id='word_1_224' title='bbox 993 3760 1028 3823; x_wconf 90' lang='lat' dir='ltr'><strong>lit</strong></span> <span class='ocrx_word' id='word_1_225' title='bbox 1047 3761 1147 3841; x_wconf 92' lang='lat' dir='ltr'><strong>pluri-</strong></span> 
     </span>
     <span class='ocr_line' id='line_1_27' title="bbox 57 3853 1148 3942; baseline 0.005 -25"><span class='ocrx_word' id='word_1_226' title='bbox 57 3855 106 3921; x_wconf 88' lang='lat' dir='ltr'><strong>bus</strong></span> <span class='ocrx_word' id='word_1_227' title='bbox 126 3859 237 3924; x_wconf 86' lang='lat' dir='ltr'><strong>modis:</strong></span> <span class='ocrx_word' id='word_1_228' title='bbox 271 3858 321 3922; x_wconf 87' lang='lat' dir='ltr'><strong>vel</strong></span> <span class='ocrx_word' id='word_1_229' title='bbox 341 3859 529 3921; x_wconf 85' lang='lat' dir='ltr'><strong>intrinsecus</strong></span> <span class='ocrx_word' id='word_1_230' title='bbox 551 3853 657 3940; x_wconf 80' lang='grc' dir='ltr'><em>ὀβελός</em></span> <span class='ocrx_word' id='word_1_231' title='bbox 677 3895 718 3906; x_wconf 84' lang='grc'>-</span> <span class='ocrx_word' id='word_1_232' title='bbox 739 3855 858 3942; x_wconf 78' lang='grc' dir='ltr'><em>ὀβολός,</em></span> <span class='ocrx_word' id='word_1_233' title='bbox 885 3855 1003 3938; x_wconf 77' lang='grc' dir='ltr'><strong><em>θρόνος</em></strong></span> <span class='ocrx_word' id='word_1_234' title='bbox 1017 3896 1055 3906; x_wconf 91' lang='lat'>-</span> <span class='ocrx_word' id='word_1_235' title='bbox 1069 3861 1148 3941; x_wconf 77' lang='grc' dir='ltr'><strong>θρᾶ-</strong></span> 
     </span>
     <span class='ocr_line' id='line_1_28' title="bbox 58 3952 1147 4042; baseline 0.004 -26"><span class='ocrx_word' id='word_1_236' title='bbox 58 3975 118 4035; x_wconf 84' lang='grc' dir='ltr'>νος,</span> <span class='ocrx_word' id='word_1_237' title='bbox 149 3954 264 4035; x_wconf 58' lang='lat' dir='ltr'><strong>geneda</strong></span> <span class='ocrx_word' id='word_1_238' title='bbox 280 3993 322 4004; x_wconf 91' lang='lat'>-</span> <span class='ocrx_word' id='word_1_239' title='bbox 340 3953 474 4036; x_wconf 77' lang='grc' dir='ltr'><strong><em>ξουθὸς,</em></strong></span> <span class='ocrx_word' id='word_1_240' title='bbox 501 3952 587 4020; x_wconf 70' lang='lat' dir='ltr'><strong>uvolae</strong></span> <span class='ocrx_word' id='word_1_241' title='bbox 609 3995 651 4006; x_wconf 93' lang='lat'>-</span> <span class='ocrx_word' id='word_1_242' title='bbox 673 3955 783 4042; x_wconf 77' lang='grc' dir='ltr'><strong><em>κνήθω</em></strong></span> <span class='ocrx_word' id='word_1_243' title='bbox 798 3998 838 4008; x_wconf 91' lang='grc'>-</span> <span class='ocrx_word' id='word_1_244' title='bbox 851 3961 942 4038; x_wconf 83' lang='grc' dir='ltr'><strong><em>κνίζω</em></strong></span> <span class='ocrx_word' id='word_1_245' title='bbox 954 3997 995 4007; x_wconf 91' lang='grc'>-</span> <span class='ocrx_word' id='word_1_246' title='bbox 1007 3954 1093 4021; x_wconf 83' lang='grc' dir='ltr'><strong><em>κνύω</em></strong></span> <span class='ocrx_word' id='word_1_247' title='bbox 1105 3992 1147 4003; x_wconf 90' lang='grc'>-</span> 
     </span>
     <span class='ocr_line' id='line_1_29' title="bbox 59 4049 1146 4142; baseline 0.005 -28"><span class='ocrx_word' id='word_1_248' title='bbox 59 4049 155 4135; x_wconf 56' lang='lat' dir='ltr'><strong>aveto,</strong></span> <span class='ocrx_word' id='word_1_249' title='bbox 169 4052 242 4134; x_wconf 78' lang='grc' dir='ltr'><strong>ψάω</strong></span> <span class='ocrx_word' id='word_1_250' title='bbox 254 4093 297 4104; x_wconf 92' lang='grc'>-</span> <span class='ocrx_word' id='word_1_251' title='bbox 310 4051 404 4130; x_wconf 79' lang='grc' dir='ltr'><em>ψαύω</em></span> <span class='ocrx_word' id='word_1_252' title='bbox 417 4091 459 4102; x_wconf 90' lang='grc'>-</span> <span class='ocrx_word' id='word_1_253' title='bbox 471 4056 575 4137; x_wconf 69' lang='lat' dir='ltr'><strong>papa</strong></span> <span class='ocrx_word' id='word_1_254' title='bbox 588 4078 628 4104; x_wconf 87' lang='lat'><strong>-·-</strong></span> <span class='ocrx_word' id='word_1_255' title='bbox 642 4054 750 4134; x_wconf 77' lang='grc' dir='ltr'><em>ψάλλω</em></span> <span class='ocrx_word' id='word_1_256' title='bbox 761 4097 803 4107; x_wconf 97' lang='grc'><strong>-</strong></span> <span class='ocrx_word' id='word_1_257' title='bbox 814 4054 903 4142; x_wconf 63' lang='lat' dir='ltr'><strong>dirigar</strong></span> <span class='ocrx_word' id='word_1_258' title='bbox 918 4067 985 4142; x_wconf 80' lang='lat' dir='ltr'><strong>eto,</strong></span> <span class='ocrx_word' id='word_1_259' title='bbox 1003 4057 1053 4120; x_wconf 85' lang='lat' dir='ltr'><strong>vel</strong></span> <span class='ocrx_word' id='word_1_260' title='bbox 1066 4058 1146 4120; x_wconf 87' lang='lat' dir='ltr'><strong>ssertu</strong></span> 
     </span>
     <span class='ocr_line' id='line_1_30' title="bbox 60 4152 1146 4240; baseline 0.005 -27"><span class='ocrx_word' id='word_1_261' title='bbox 60 4154 175 4230; x_wconf 91' lang='lat' dir='ltr'><strong>quodam</strong></span> <span class='ocrx_word' id='word_1_262' title='bbox 189 4156 415 4220; x_wconf 88' lang='lat' dir='ltr'><strong>terminationis</strong></span> <span class='ocrx_word' id='word_1_263' title='bbox 430 4153 630 4239; x_wconf 79' lang='grc' dir='ltr'><strong><em>πῦρ-πυρά</em></strong></span> <span class='ocrx_word' id='word_1_264' title='bbox 640 4194 676 4206; x_wconf 93' lang='grc'><strong>-</strong></span> <span class='ocrx_word' id='word_1_265' title='bbox 686 4152 965 4240; x_wconf 74' lang='grc' dir='ltr'><strong><em>πυρός-πυρσὸς,</em></strong></span> <span class='ocrx_word' id='word_1_266' title='bbox 983 4155 1033 4218; x_wconf 88' lang='lat' dir='ltr'><strong>vel</strong></span> <span class='ocrx_word' id='word_1_267' title='bbox 1045 4157 1146 4218; x_wconf 91' lang='lat' dir='ltr'><strong>utrin-</strong></span> 
     </span>
     <span class='ocr_line' id='line_1_31' title="bbox 895 4255 940 4321; baseline 0 -27"><span class='ocrx_word' id='word_1_268' title='bbox 895 4259 910 4321; x_wconf 83' lang='lat'>1</span> <span class='ocrx_word' id='word_1_269' title='bbox 920 4255 940 4294; x_wconf 63' lang='lat' dir='ltr'><strong>tl</strong></span> 
     </span>
    </p>
   </div>
   <div class='ocr_carea' id='block_1_4' title="bbox 0 0 1404 4986">
    <p class='ocr_par' dir='ltr' id='par_1_4' title="bbox 0 0 1404 4986">
     <span class='ocr_line' id='line_1_32' title="bbox 0 0 1404 4986; baseline 0 0"><span class='ocrx_word' id='word_1_270' title='bbox 0 0 1404 4986; x_wconf 95' lang='lat' dir='ltr'><strong> </strong></span> 
     </span>
    </p>
   </div>
  </div>
 </body>
</html>
