2768 4994
19 267 82 330 DE
103 265 227 332 ΝΟΜ.
248 266 412 344 QUORUM
426 267 542 332 CHAR.
560 267 637 332 EST
652 267 857 336 DENTALIS.
880 273 913 338 C.
927 276 961 341 V.
975 283 1005 351 s.
1021 278 1048 343 1.
1075 281 1146 349 383

13 438 31 494 ιι
58 432 135 514 alii,
151 426 317 512 ’Ἀραυθος
337 432 423 512 Epiri
444 432 552 496 iuvius
573 431 725 512 Lycophr.
740 433 810 500 408.
824 451 913 517 ouem
927 439 1032 506 Liuius
1050 446 1145 512 motio

13 533 240 595 urethontem
267 537 359 595 uocat
385 531 544 595 mxxviii.
573 530 601 595 3.
628 531 721 596 modo
752 534 940 602 Arachthum
968 547 1001 604 ut
1030 543 1152 609 Strabo.

13 637 33 692 :t
58 629 241 710 Polybius
262 631 430 710 scripsisse
451 629 592 693 videntur
608 647 636 691 v.
653 629 780 709 interpr.
795 631 833 695 ad
845 634 1023 704 Dicaearch.
1037 643 1144 721 Decor,

13 747 29 792 r.
62 729 123 793 42.
160 735 202 792 et
231 727 451 792 Arcadicorum
479 729 616 808 scriptor
641 719 798 809 maumas
823 733 969 799 Aristius
990 755 1018 804 v,
1040 741 1143 808 Vater.

13 827 46 890 rd
70 829 160 892 Eur.
186 827 284 892 Rhes.
305 845 335 907 p.
356 825 407 891 88.
434 831 497 888 not.
538 824 600 889 Pro
631 823 762 902 macie
788 823 807 892 ὁ
834 829 1034 915 aucupem
1058 841 1150 906 supp„

13 926 218 1006 ierohardy
238 943 277 990 ex
296 925 429 988 Arcadio
450 919 592 1004 κακηθός
611 927 720 1005 reponi
737 928 841 1011 jubet,
863 932 946 1011 quod
967 933 1058 1001 hohie
1080 946 1148 1005 hoie

13 1027 202 1108 reperitur,
233 1024 308 1088 iliud
335 1024 461 1105 saepius
492 1022 548 1086 sed
577 1024 785 1089 tantummodo
819 1029 900 1107 apud
920 1029 1147 1102 Grammaticos

13 1141 207 1205 parumque
236 1122 275 1186 ad
301 1139 439 1186 normam
466 1123 588 1187 iactum.
636 1120 792 1200 Λάπαθος
820 1126 912 1206 Cypri
943 1132 1020 1196 urhe
1041 1135 1147 1202 Sinchi
1217 1209 1220 1216 ,

13 1223 92 1286 xlv.
101 1223 186 1289 682.
198 1223 336 1285 fortasse
352 1219 466 1302 dorice,
481 1228 512 1284 ut
523 1218 737 1302 Φαρκαδώνοι
748 1223 925 1308 Φαρκηδώυ
935 1248 962 1294 ν.
972 1231 1146 1300 Tzschuck:

13 1322 62 1385 [X.
87 1321 172 1386 634.
200 1337 272 1384 nam
293 1320 386 1400 vulgo
408 1314 563 1401 Αάπηθος
582 1328 721 1388 vocatur.
766 1324 891 1401 Ψίαθος
913 1329 1038 1394 atticum
1060 1335 1149 1418 esse}

13 1421 137 1495 ψίεθος
170 1435 337 1483 commune
366 1418 470 1483 dicunt
496 1418 698 1485 Grammatici.
748 1425 937 1507 Saepissime
964 1434 1053 1492 vero'.
1070 1434 1147 1496 ante.

13 1527 68 1581 tan
90 1525 267 1582 mutantur
287 1518 423 1582 vocales.
463 1517 595 1582 Primum
622 1519 714 1602 alpha
742 1530 772 1586 et
801 1525 922 1604 epsilon
945 1528 975 1590 in
997 1528 1148 1595 obsoleto:

16 1621 151 1682 nomine
183 1619 317 1694 καίατα,
343 1618 469 1680 eamme
496 1623 527 1680 et
547 1619 701 1697 κειιετοί,1
728 1622 838 1701 quihus
871 1625 990 1689 accedit
1010 1625 1142 1705 καιάδας

18 1719 166 1782 carceris
191 1716 328 1780 laconici
352 1731 474 1780 nomen.
523 1718 598 1782 ium
629 1721 796 1802 praecipue
823 1741 894 1806 eae,
922 1741 1001 1804 quae
1032 1725 1147 1793 Graeci·

21 1818 87 1880 oris
111 1817 216 1897 patrii
237 1815 407 1895 degeneres
428 1816 459 1878 in
480 1831 571 1879 unum
600 1831 711 1880 sonum
739 1818 845 1884 literae
870 1822 935 1885 iota
962 1826 1139 1891 confodere.

22 1918 76 1980 Sic
97 1915 294 1981 Eustathius
316 1931 345 1994 p.
366 1913 436 1997 264,
459 1913 509 1979 29.
537 1931 605 1980 cum
634 1911 798 1991 Meriones
825 1925 856 1982 ci
883 1915 999 2002 Λήιτος
1026 1930 1143 1990 temere

24 2017 193 2096 componit
218 2008 410 2090 Θεοδώριτος
431 2021 462 2078 et
481 2006 656 2087 Ἐπίκτιτος.
698 2017 871 2096 Hesychius
891 2019 924 2080 in
940 2018 1048 2098 glossa
1070 2039 1141 2086 mn-

23 2114 110 2178 iilata
132 2121 216 2194 post
233 2105 395 2175 'Ova'ceeect
416 2114 521 2192 posita
538 2107 673 2199 Ὀνείτης
692 2111 777 2199 ἥρως
798 2118 883 2198 (fori.
907 2112 1022 2200 ἥρωος)
1040 2115 1142 2203 ὄνομα

27 2209 79 2274 καὶ
99 2213 184 2286 ἴσως
206 2207 248 2275 ἄν
267 2211 323 2293 εἴη,
346 2211 498 2278 diversam
520 2214 652 2278 nominis
673 2217 856 2298 scripturam
879 2216 1035 2282 indicasse
1049 2220 1140 2284 vide-

29 2317 85 2375 tur.
132 2305 263 2393 Ὀνίτης
294 2310 394 2374 Noun.
422 2311 552 2378 xxviii
582 2313 649 2378 112.
675 2307 806 2397 Ὀνήτης
831 2314 962 2378 Hercu·
979 2315 1041 2382 Vll.
1070 2319 1139 2385 214.

31 2411 95 2473 sive
126 2403 398 2483 dorice-'Ovisce
425 2410 516 2478 Paus.
545 2413 593 2478 VI.
617 2413 672 2496 12,
697 2415 723 2479 1.
745 2414 820 2477 vlu.
840 2412 897 2496 42,
924 2413 953 2478 5.
974 2415 1010 2481 Χ.
1034 2417 1089 2501 13,
1110 2419 1140 2485 h.

32 2510 143 2587 quihus
167 2509 252 2572 locis
275 2509 415 2573 omnihus
438 2525 476 2574 ex
497 2512 585 2576 libris
608 2519 638 2576 et
659 2512 733 2576 Edi.
755 2520 826 2578 vett.
845 2506 976 2587 Ὀνατᾶς
1007 2516 1139 2582 affertur.

32 2606 70 2670 Et
90 2608 157 2672 fieri
181 2613 344 2690 potestat
369 2609 421 2699 ille
444 2612 491 2674 sio
518 2611 679 2692 scripserit
702 2604 824 2693 Ὀνίτης
848 2645 890 2656 -
916 2608 969 2675 καὶ
995 2612 1070 2688 ἴσως
1099 2610 1141 2678 ἄν

34 2705 76 2787 εἴη
98 2701 116 2770 ὁ
138 2703 244 2780 ἄλλως
267 2702 389 2790 Ὅδίτης
417 2708 466 2772 vel
490 2701 618 2792 Ὀφίτης
644 2706 847 2792 καλούμενος,
877 2711 924 2774 sic
952 2712 1032 2774 enim
1059 2711 1139 2778 idem

36 2804 126 2869 heros
154 2813 289 2871 vocatur
316 2824 343 2870 v.
373 2806 546 2874 Hemsterh.
573 2808 611 2871 ad
638 2809 762 2873 Lucian.
791 2808 868 2872 Diai.
897 2810 989 2874 Deor.
1015 2810 1092 2876 Xill.
1119 2831 1140 2876 a

38 2902 157 2969 diuerso
185 2907 293 2986 utique
314 2906 464 2988 principio
487 2914 520 2970 nt
542 2915 572 2972 et
589 2899 713 2990 'ovtepv
734 2908 871 2970 Asinium
889 2908 938 2970 vel
949 2909 1140 2976 Asellionem

38 3001 233 3086 interpretari
255 3021 431 3084 possumus.
475 3005 590 3070 Similis
618 3007 689 3070 hoio
721 3005 869 3070 dubitatio
901 3014 985 3071 mota
1013 3009 1052 3072 ah
1073 3011 1152 3077 Em:

39 3096 105 3183 ich,
124 3102 175 3166 42.
197 3103 323 3186 apprime
343 3103 466 3184 nepetae
485 3102 663 3179 θαλάσσιος.
710 3100 798 3180 Τινὲς
823 3100 972 3186 λέγουσιν’
992 3100 1054 3172 ἀπὸ
1081 3111 1141 3174 τοῦ

42 3196 180 3280 Napis,
211 3195 278 3264 ἀλλ’
301 3197 412 3284 ὤφειλε
431 3199 607 3284 γράφεσθαι
628 3199 680 3268 διὰ
700 3200 895 3287 διφθόγγου·
922 3199 965 3278 ὥς
991 3200 1053 3269 ἀπὸ
1081 3209 1140 3274 τοῦ

42 3289 125 3372 ὀρεύς
146 3300 224 3380 (scr.
242 3293 367 3383 ’opstat
388 3296 477 3382 ὀρέος
497 3295 615 3384 ὀρεῖτης
641 3300 694 3366 καὶ
716 3298 840 3387 (ipsium.
878 3296 917 3367 ‘O
944 3299 978 3367 ci
1003 3301 1139 3387 τεχνικὸς

43 3389 113 3476 λέγει
131 3393 194 3464 ἀπὸ
215 3402 273 3463 τοῦ
292 3401 421 3484 Νηρηίς·
443 3392 505 3464 oim'
527 3397 657 3484 ὤφειλεν
683 3396 761 3466 εἶναι
780 3403 932 3486 impetres.
959 3395 1034 3468 ’arm’
1057 3401 1140 3469 ἔστιν

44 3489 97 3554 νέω
119 3495 276 3582 (νήχομαι)
297 3495 400 3583 νήσω·
424 3496 459 3564 ἐκ
485 3497 600 3564 τούτου
619 3499 728 3584 pppis,
760 3498 792 3580 ἐξ
819 3490 860 3565 οὗ
880 3502 1004 3586 apotome
1024 3495 1067 3578 ὦς
1087 3499 1138 3568 τό·

111 3762 135 3829 i)
160 3765 233 3822 Haec
257 3780 315 3822 eum
337 3766 473 3824 uocabulis
498 3769 617 3836 eiusdem
641 3767 838 3836 significationis
863 3767 917 3824 κῶς
940 3780 989 3822 seu
1014 3767 1084 3826 κῶος
1108 3771 1137 3824 τὸ

51 3839 148 3911 ὄρυγμα
166 3849 282 3918 (carcer)
300 3849 369 3922 κύαρ
386 3850 500 3906 foramen
518 3851 643 3905 manubrii
662 3857 690 3906 et
713 3865 791 3918 acus,
814 3847 893 3906 κύτος
920 3850 1023 3917 alveus,
1049 3853 1140 3911 κοῖλος

54 3937 130 3995 cauus,
150 3947 233 4001 couno,
252 3937 369 4004 stirpitus
387 3935 529 3991 cohaerere
547 3948 598 3989 non
616 3933 721 3988 dubium
738 3933 849 3989 hahetur
866 3932 913 3987 sed
936 3931 1063 3999 scriptura
1089 3949 1138 3991 se-

55 4009 121 4063 cundi
139 4020 164 4070 et
181 4019 250 4073 tertii
268 4019 431 4085 perincerta3
456 4018 567 4070 καιᾶται
591 4017 669 4072 malui
687 4016 804 4073 scribere
827 4031 904 4084 qoam
927 4012 1054 4076 καιάται,
1078 4021 1139 4086 quia

55 4086 135 4150 Strabo
152 4101 176 4156 ei
194 4101 294 4158 confert
310 4101 416 4156 latinum
436 4099 533 4170 chinus.
