2772 4992
29 269 106 334 DE
123 265 235 334 ΝΟΜ.
251 266 416 343 QUORUM
430 268 542 333 CHAR.
556 267 633 334 EST
646 267 853 336 DENTALIS.
875 271 906 336 C.
921 271 969 338 111.
988 280 1017 349 s.
1033 275 1060 340 1.
1088 275 1151 344 361

13 435 182 515 ehylium
204 435 355 497 incertum
377 437 464 516 eujus
486 434 618 516 generis,
639 428 768 515 λάβυζος
789 451 895 499 aroma
909 437 1072 524 persicum,
1092 437 1156 522 μοί-

13 539 112 612 tuga
138 528 303 613 σκορόδου
322 526 440 614 κεφαλὴ
462 526 628 615 βωλοειδὴς
647 529 701 595 καὶ
720 527 762 616 μὴ
783 530 980 618 διαλελυμένη
1000 537 1042 612 εἰς
1073 532 1155 622 ἄγχι.

13 641 115 710 θοις,
148 633 295 696 Erotion.
324 633 377 712 qui
402 647 514 696 romeu
541 631 602 694 hoe
630 631 668 694 ad
695 631 795 713 βῶλος
821 635 937 699 referre
958 637 1077 702 ridetur
1099 640 1154 705 sed

13 734 186 800 Galenus
211 730 293 796 addit
313 731 479 796 uouuullos
501 747 557 813 pro
580 731 664 810 moly
683 732 833 811 aeeipere.
861 733 938 798 Huie
960 741 1155 817 conjuretis-

13 836 157 898 simum
181 838 232 894 est
252 824 371 911 μάννζα
391 826 545 907 σκόροδον
564 826 777 912 μονοκὲφαλον
791 830 864 897 Hes,
877 827 996 913 ”eavea
1009 836 1040 898 iu
1055 836 1153 901 Grae-

16 934 83 995 eia
108 931 306 1012 hospitatur,
327 945 386 991 nee
406 928 540 1008 imligeui
561 928 659 993 simile
681 923 795 1010 ὅβρυζο
818 931 960 1014 obrussa,
982 934 1064 1014 quod
1080 937 1153 999 Sal-

16 1031 166 1094 masius
195 1045 215 1091 a
239 1023 345 1110 βρύειν
372 1029 438 1090 sive
466 1023 603 1109 βούζεον,
632 1021 828 1110 maritatae,
863 1047 1014 1110 spumare
1041 1036 1154 1114 repetit

17 1130 143 1194 Pliun.
168 1127 240 1192 760.
262 1128 297 1190 D.
318 1127 436 1206 Meuag.
458 1127 489 1188 iu
512 1125 593 1206 Orig.
616 1125 691 1190 Gall.
713 1144 738 1190 s.
759 1127 886 1211 Baete,
909 1131 964 1193 sed
991 1127 1107 1210 κόνυζα
1134 1152 1153 1198 a

21 1223 150 1303 κνύζω
186 1232 286 1288 ortum
316 1225 429 1288 hahere
456 1223 576 1288 ridetur
603 1244 631 1288 v.
660 1225 769 1290 Parall.
798 1227 868 1292 406.
903 1223 1030 1310 Κόοοζα
1049 1228 1153 1307 πάθος

25 1323 112 1405 περὶ
136 1319 280 1405 κεφαλήν
299 1324 524 1404 Lexieographi
545 1323 584 1387 ad
605 1320 702 1406 κόοση
723 1327 868 1390 referunt.
910 1324 1153 1413 Λακὲροζοορί-
1256 1343 1258 1348 ’

28 1428 158 1490 theton
181 1424 268 1487 oanis
291 1430 322 1486 at
343 1423 477 1486 cornicis
498 1439 517 1485 a
537 1423 633 1486 verbo
655 1426 759 1487 taxata
786 1425 909 1489 oeculto
932 1429 1063 1508 quodam
1087 1437 1153 1494 tra-

30 1526 118 1590 mite
143 1522 308 1587 deductum
331 1517 473 1602 oqiiuor.²
514 1523 560 1585 De
582 1525 757 1603 composito
779 1519 896 1606 δφυζος
918 1535 948 1590 et
962 1523 1065 1609 ἄφοζα
1084 1529 1152 1594 dis-

34 1624 134 1690 serui
163 1621 434 1685 humliter.
477 1619 664 1702 Diphthougr'
694 1629 724 1685 et
751 1625 994 1706 monophthoogi
1026 1629 1058 1691 iu
1092 1629 1153 1693 hoe

34 1737 164 1805 genere
186 1720 407 1784 vocabulorum
428 1721 529 1784 nullae
549 1721 753 1804 inveniuntur,
774 1722 918 1803 quodque
935 1725 1152 1806 Theoguostus

37 1841 74 1904 p.
101 1820 175 1885 100.
198 1819 235 1882 de
257 1819 408 1882 femininis
430 1818 504 1882 dieii
523 1814 561 1882 τὰ
582 1820 624 1894 εἰς
645 1816 667 1883 ἆ
686 1815 934 1902 ὑπερδισύλλοιβα
952 1819 1062 1904 ἔχοντα
1091 1840 1158 1908 προ
1189 1818 1192 1824 ’

40 1922 107 1985 τοῦ
130 1913 153 1982 ἁ
175 1919 306 1982 διπλοῦν
328 1912 387 1981 οὐκ
408 1911 471 1982 οἶδε
492 1913 549 2002 τὴν
570 1906 607 1983 οἶ
622 1914 696 1984 οὐδὲ
713 1914 749 1982 τὸ
770 1923 792 2002 a}
811 1917 863 1983 καὶ
885 1925 921 2000 ei,
950 1918 1027 1986 ἀλλὰ
1054 1920 1155 2005 μόνον

41 2016 84 2084 τὸ
105 2021 123 2081 ῖ
147 2014 201 2082 καὶ
220 2021 253 2096 ὗ,
275 2014 412 2097 Δούριξα
424 2018 522 2100 λίμνη,
547 2017 698 2099 melecta
711 2014 806 2098 πόλις,
820 2019 900 2084 valer
915 2022 947 2083 iu
967 2023 1152 2107 uuiversum,

45 2119 196 2198 exeeptis
231 2117 405 2181 homiuibus
439 2118 580 2181 barbaris
615 2125 648 2182 ut
671 2114 809 2200 Ὀροίζης
836 2120 967 2198 Appiam.
995 2121 1095 2185 llithr.
1125 2139 1151 2185 e.

47 2218 128 2284 Clll.
155 2211 335 2295 urbiumque
363 2221 536 2280 exterarum
562 2217 723 2280 voeabulis
753 2225 786 2280 ut
816 2219 993 2297 Θελομοῦζο
1019 2219 1153 2283 Arabiae

49 2316 161 2397 Steph.
185 2321 215 2379 et
236 2313 359 2378 diverso
381 2321 510 2378 aeeeutu
531 2310 693 2393 Κάττουζο
715 2316 862 2380 Thraciae
879 2316 985 2396 Steph.
1009 2313 1154 2394 Πέπουζα

47 2416 205 2495 Phrygiae
225 2414 468 2496 Pepuziauorum
489 2413 610 2477 haeresi
631 2415 801 2480 nobilitata.
845 2413 1153 2492 Saueoetosurcad.

51 2513 130 2581 «18.3
149 2512 284 2579 remedio
307 2519 386 2596 eget,
409 2511 491 2594 quod
512 2512 578 2578 (lies
601 2521 648 2577 est
669 2513 807 2578 allatura.

510 2708 616 2774 cAP.
650 2709 706 2774 Ill.

408 2869 444 2936 D
477 2889 496 2936 e
561 2872 575 2934 t
604 2868 628 2934 lt
661 2889 680 2934 e
712 2873 727 2936 t
757 2890 790 2936 a.

143 3053 172 3121 ς.
195 3046 220 3110 1.
262 3045 409 3125 Exempla
429 3046 546 3128 primae
568 3044 779 3138 declinamus
797 3045 944 3126 pleraque
961 3045 1156 3111 eontinentur

62 3145 166 3228 regula
191 3145 293 3207 tonica
315 3143 413 3208 Crem.
436 3145 456 3209 Ι.
477 3145 547 3210 445.
568 3139 607 3209 τὰ
627 3145 669 3220 εἰς
690 3149 770 3218 alios
789 3146 942 3228 μονογενῆ
963 3141 1156 3228 προπαροξύ-

61 3319 348 3335 m

131 3428 158 3496 ²)
176 3425 250 3491 Quod
273 3425 379 3493 Satyrus
403 3423 468 3483 νεός
492 3426 634 3496 lentaeque
659 3424 753 3480 dicitur
776 3425 854 3484 Anth.
880 3425 922 3480 IX.
941 3427 999 3483 317.
1020 3427 1158 3495 loquacem

69 3513 267 3578 interpretantur,
286 3511 333 3565 sed
353 3525 442 3578 parum
461 3512 582 3585 contenit
600 3516 712 3578 atquae
730 3512 756 3562 ir
777 3508 854 3563 codd.
873 3513 969 3577 scripta
995 3517 1054 3564 suut
1079 3508 1158 3562 λοκό·

73 3596 144 3662 polee
158 3596 184 3648 et
199 3590 352 3661 λακόπνγος
370 3593 421 3647 alio
440 3592 555 3648 tendunt.
590 3595 728 3663 Λακίρυζα
746 3609 805 3647 euru
821 3592 935 3662 λακερός
951 3594 1054 3650 εἰκαῖος
1073 3599 1099 3648 et
1113 3593 1158 3644 λα-

72 3677 204 3745 κερολογίο
224 3675 334 3732 conferri
352 3682 447 3744 potest.

134 3775 160 3842 3)
178 3774 214 3828 Ex
232 3782 342 3843 quatuor
358 3791 426 3846 quae
445 3776 518 3831 allert
540 3777 600 3836 ἵζος,
620 3775 722 3842 ῥοῖζος,
739 3775 847 3841 τοῦξος,
867 3775 978 3837 τοῶζος,
999 3776 1108 3843 primum
1133 3778 1160 3829 ln

77 3855 129 3918 ὄζος
145 3857 288 3912 mutandum
307 3873 340 3913 ex
358 3858 441 3912 Ceam,
461 3859 481 3913 1.
499 3859 558 3914 443.
578 3861 679 3914 tertium
698 3862 723 3912 iu
741 3862 846 3930 Τρίζος,
864 3859 934 3927 quod
959 3858 1027 3929 apud
1045 3858 1161 3925 Stepha-

81 3955 132 3993 num
149 3946 273 4008 orytonorr
291 3947 332 3997 est
348 3947 377 3994 ut
392 3941 477 4004 Λοζός
494 3947 520 3997 et
538 3942 590 3995 alia
607 3944 741 4008 gentilicia
758 3956 782 3994 r.
802 3942 943 4008 Goettlirrg.
963 3943 996 3998 de
1014 3941 1078 3994 Aee.
1101 3941 1161 3998 218.

82 4023 123 4077 l’ro
139 4024 223 4078 ultimo
244 4024 302 4079 ced.
321 4025 401 4080 llam.
421 4026 520 4096 τρῶζος
538 4023 655 4092 praehet,
675 4038 690 4078 a
709 4037 760 4092 quo
778 4022 892 4086 τόπαζος
904 4028 931 4080 et
945 4029 1042 4092 cetera,
1054 4037 1162 4092 quorum

80 4107 213 4162 memoriam
230 4114 394 4177 praesentem
412 4108 506 4176 haheo,
527 4108 623 4163 distant
639 4109 751 4176 lougius.
