2770 4992
224 297 285 366 tlt
381 325 387 372 ς
428 323 431 330 ’
467 317 472 324 ·
577 287 901 360 ulssrltrlrlo
935 287 972 356 ll

225 463 409 541 miles
427 455 491 526 ἀπὸ
510 462 569 526 τοῦ
588 454 735 540 mim
756 456 829 522 Sele
850 456 983 521 Tleoer.
1005 456 1041 521 V.
1055 455 1125 522 142.
1145 462 1178 520 et
1199 457 1356 524 iurtasse

226 557 349 636 intime
370 562 414 644 ‚ab
443 561 568 626 exoleto
597 553 730 638 ὄατομαο
750 557 857 638 petius
878 571 971 636 quam
992 556 1032 619 ab
1053 556 1170 620 usitate
1193 549 1356 620 ὀπτίλλο-

226 685 289 744 μαι.
333 660 449 725 Deinde
476 659 629 740 adjectiva
656 673 736 738 quae
760 657 860 736 sigma
886 655 981 718 futuri
1002 663 1187 735 receperunt
1208 653 1359 732 ὄειοιλός

229 760 305 843 (sie)
326 754 426 834 δειλός
445 759 518 824 iles.
538 753 664 833 ξόσιὶον
683 751 833 836 Σώφρων
851 749 910 818 τὸν
922 748 1055 833 γέροντα
1067 746 1130 816 εἷπε
1141 755 1208 818 llll
1223 755 1302 837 ⁷37,
1319 756 1356 820 3.

230 861 408 930 scabiosum
429 857 624 937 significans,
650 849 783 935 δαψιλής
802 853 934 934 dapsilis
956 860 987 916 et
1009 848 1156 931 ὃαριλός,
1184 853 1272 935 qaod
1296 855 1355 918 luis

230 959 292 1032 trae
311 964 442 1024 areentur
462 957 495 1018 im
516 954 657 1018 ommibus
682 951 865 1016 Aristotelis
885 949 973 1014 libris
995 952 1149 1031 signatum
1171 960 1239 1034 est,
1266 952 1357 1015 lati-

231 1071 364 1136 numque
386 1054 536 1136 dapsilus,
556 1053 584 1117 si
605 1067 667 1116 urae
686 1050 787 1114 Plauti
803 1049 945 1130 exemplo
960 1050 1039 1114 satis
1054 1056 1266 1114 sustentatum
1282 1068 1356 1131 pu-

234 1162 351 1236 tamus,
384 1171 403 1218 a
436 1151 534 1216 δαίοω
560 1151 611 1216 vel
637 1166 658 1214 a
683 1147 752 1223 iaie
777 1148 873 1230 daps,
908 1153 1054 1228 tamquam
1081 1164 1280 1228 parampmorr
1317 1157 1357 1214 ut

232 1246 372 1334 terum
407 1250 582 1326 allesuete
612 1248 745 1312 memate
776 1241 903 1327 puratos
928 1254 1225 1329 preparurylonen‚
1259 1247 1355 1328 qaod

233 1350 407 1430 Hesychius
434 1350 483 1414 bis
510 1349 605 1413 raiert
632 1363 658 1412 s.
680 1345 840 1420 Misellos
866 1352 898 1410 et
925 1339 1076 1418 Μυτιλός.
1118 1346 1203 1410 Ηοαο
1224 1348 1354 1411 subse-

233 1451 338 1532 quitur
359 1449 622 1514 substantivorum
642 1459 805 1526 rumerus,
831 1445 944 1525 quibus
967 1444 1110 1508 animalia
1131 1445 1355 1524 significantur

234 1542 373 1624 μάπιλος
394 1545 468 1630 (sio)
489 1541 575 1628 ὄρνις
594 1541 647 1608 καὶ
666 1537 740 1626 ὄφις
759 1542 825 1606 ΕΜ.
845 1537 993 1624 alpertus
1013 1537 1099 1624 ὄρνις
1119 1537 1159 1606 ὄν
1182 1563 1265 1617 τινος
1287 1545 1354 1625 βα-

236 1641 354 1711 σιλικόν
375 1645 578 1728 (βασιλίσκω)
599 1643 672 1708 Hes.
693 1635 825 1725 ὀρχίλος,
845 1641 999 1724 πομπίλος
1019 1634 1038 1704 ὃ
1057 1637 1111 1705 καὶ
1123 1645 1272 1717 ποντίλος
1288 1665 1354 1706 κα·

236 1740 385 1828 λούμενος
411 1747 506 1810 Art'st
526 1743 562 1808 ll.
582 1743 661 1806 Atili.
681 1741 731 1808 iil.
752 1741 780 1807 l.
806 1744 975 1824 σχοινίλος,
1002 1740 1157 1822 emaus,
1184 1743 1354 1824 pparpilog.

238 1845 373 1922 Quorum
394 1846 538 1927 primum,
566 1841 594 1906 si
613 1845 790 1921 serpentem
810 1839 978 1924 signifieat,
1001 1859 1020 1904 a
1040 1843 1126 1904 eonii
1147 1841 1354 1906 similitudine

238 1939 425 2026 appellatum
440 1941 569 2022 videtur,
590 1937 767 2022 secundum,
788 1939 816 2004 si
831 1939 978 2022 regulum,
999 1935 1127 2021 οαόρυς
1142 1947 1175 2003 ut
1193 1935 1353 2022 edpvlog5

239 2045 448 2128 proximorum
475 2040 555 2104 ratio
583 2039 615 2102 ia
645 2044 772 2120 apert03
810 2043 1000 2118 postremum
1023 2039 1195 2104 Salmasius
1216 2039 1251 2102 in
1272 2039 1353 2104 Plir.

239 2161 269 2228 p.
289 2143 358 2210 ³15.
386 2158 455 2206 eum
482 2139 578 2204 latire
606 2135 740 2216 fringilla
765 2134 925 2200 portendit
952 2139 1024 2202 seni
1042 2133 1265 2204 imitamentum
1289 2157 1353 2220 pu-

239 2249 318 2306 tans.
364 2241 435 2305 lilia
461 2236 611 2320 quaedam
639 2231 816 2315 suppeditat
842 2234 1038 2301 llerediarus
1062 2258 1093 2301 π.
1123 2241 1209 2300 Μον.
1238 2255 1269 2319 p.
1300 2238 1352 2302 21.

239 2339 291 2404 ubi
316 2335 419 2415 οόϊλος
444 2335 606 2416 analogiae
627 2333 860 2398 eonverieutius
882 2332 956 2398 dieii
977 2351 1068 2418 quam
1089 2339 1203 2415 κοῖλος,
1227 2337 1302 2418 quia
1316 2338 1352 2400 im

240 2423 323 2513 δαῖος
342 2437 458 2502 mullum
482 2439 572 2500 exeat
585 2431 778 2517 turabulum,
799 2433 930 2516 plurima
944 2451 1019 2498 vare
1036 2419 1151 2510 iuft'es'
1160 2471 1201 2482 -
1214 2435 1351 2518 μεμίμη-

238 2559 290 2602 ται
308 2530 368 2618 γὰρ
388 2528 425 2598 τὸ
445 2525 600 2614 αἰγιαλός,
620 2525 760 2612 puriter,
780 2527 921 2611 ποολός,
943 2528 1102 2612 marutia,
1132 2551 1264 2615 querum
1287 2534 1350 2598 duo

241 2636 339 2718 prima
359 2631 514 2715 quomode
537 2628 700 2696 scribenda
721 2631 783 2696 sint
804 2637 934 2712 apparel
957 2648 996 2695 ex
1016 2634 1087 2697 Arc.
1105 2634 1155 2699 55.
1170 2628 1209 2697 τὰ
1222 2631 1277 2696 διὰ
1291 2634 1351 2696 τοῦ

241 2719 317 2809 al—o'p'
326 2723 470 2812 ἀρσενικὰ
488 2723 708 2812 παροξύνεται·
727 2729 754 2793 εἰ
774 2725 808 2794 δέ
827 2752 857 2794 τι
875 2727 1153 2811 προπαροξύτονοα
1173 2733 1220 2816 εἴη
1240 2729 1262 2815 ἢ
1284 2729 1349 2796 πά-

240 2839 292 2898 θει
313 2830 404 2912 (adde
424 2824 543 2912 γέγονε)
564 2822 587 2912 ἢ
605 2821 685 2909 γένει
706 2827 798 2909 (adde
819 2824 968 2914 διαφέρει)
997 2833 1156 2910 ναυτίλος,
1198 2833 1347 2913 Τρωίλος,

244 2933 370 3010 Ζωίλος,
395 2928 562 3004 Πενθίλος·
583 2921 619 2992 τὸ
640 2923 674 2992 δὲ
694 2928 812 3011 eutytius
831 2923 997 3012 palmeis*
1016 2928 1069 2994 ael
1088 2923 1124 2994 τὸ
1145 2925 1251 3006 eletos
1271 2925 1349 2994 κατὰ

241 3027 353 3106 πάθος.
399 3024 467 3092 Καὶ
497 3021 533 3092 τὸ
555 3021 681 3110 petitor
706 3025 981 3110 προπαροξύνεται
1030 3019 1164 3096 Tertium
1191 3030 1349 3097 Herodia-

240 3145 371 3198 meerum
397 3126 505 3193 neseio
535 3132 636 3191 utrum
669 3127 711 3190 sit
738 3127 957 3208 appellativum
988 3127 1073 3211 qaod
1099 3129 1193 3210 vulgo
1221 3130 1349 3204 πίτυλος

242 3229 390 3296 scribitur
416 3225 473 3292 sed
500 3241 595 3307 saepe
625 3227 717 3290 etiem
747 3229 886 3307 trajectis
911 3227 1090 3311 ueealibus,
1119 3243 1160 3291 au
1186 3231 1346 3311 preprium

245 3327 399 3400 Πυοτϋος
420 3326 512 3390 illuc.
534 3325 582 3389 vi.
603 3323 814 3391 l.⁵u1timum
834 3326 981 3407 Nyctilus
1003 3326 1215 3407 Calpum.'Vl.
1237 3329 1266 3394 1.
1287 3329 1346 3392 Mi-

241 3428 323 3493 ranti
349 3431 450 3492 autern
477 3441 532 3488 eur
553 3423 814 3506 Teehnographus
840 3424 1016 3506 hujusmodi
1036 3424 1186 3508 exemplis
1213 3428 1259 3490 uti
1280 3443 1346 3492 ma-

241 3528 333 3592 luerit
354 3541 445 3608 quem
465 3525 549 3589 netis
572 3529 602 3588 et
623 3523 810 3607 illustribus,
832 3525 936 3605 qualia
956 3523 1089 3605 undique
1110 3523 1248 3607 alluunt,
1271 3525 1346 3590 haee

241 3626 315 3692 milri
333 3624 441 3690 insidit
462 3623 621 3707 cegitatio,
641 3622 702 3687 hoo
721 3622 794 3687 leue
816 3625 980 3716 preposita
1000 3640 1073 3688 esse
1094 3623 1248 3689 vocabula
1269 3638 1346 3706 quae

308 3875 338 3942 l)
366 3873 412 3927 Sie
429 3874 507 3928 etiam
526 3869 663 3942 {stripeium
679 3871 751 3942 urbis
770 3887 865 3928 nemer
881 3872 958 3931 Paus.
977 3875 1046 3930 vill.
1069 3874 1109 3942 13,
1128 3875 1154 3930 l.
1175 3870 1344 3942 etspeyator

241 3957 333 4026 slepi.
353 3970 462 4026 querum
479 3961 566 4011 tamer
584 3958 673 4024 ignota
690 3961 731 4012 est
747 3960 885 4025 quantitas.

308 4056 337 4123 5)
361 4053 495 4113 Πάστιλος
509 4053 584 4108 liet.
603 4053 669 4110 illut.
688 4053 752 4109 LIX.
769 4056 812 4113 26.
831 4058 858 4110 ill
876 4058 935 4114 cod.
955 4058 1100 4117 παστῖλος,
1123 4057 1186 4114 alili
1204 4055 1343 4111 neocellae

242 4154 267 4194 v.
286 4139 327 4194 liu
345 4136 426 4207 cmg.
445 4138 552 4195 latinum
567 4140 608 4195 est
623 4138 744 4206 pastillus
762 4153 777 4193 a
795 4144 878 4209 pasta.
