2750 4994
206 305 259 371 DE
280 303 497 373 NOMINIBUS
516 301 558 369 IN
578 305 599 367 ὑ
617 303 878 374 EXEUNTIBUS.
903 308 936 375 C.
949 309 998 376 111.
1085 308 1154 378 ‘lttt

40 466 137 554 μήνη,
159 466 291 554 γαλήνη·
312 465 402 535 τὸδὲ
422 463 567 552 Ιὶρμηνὴ
588 462 608 552 ἡ
630 464 783 553 συνήθεια
803 465 921 558 desierat,
942 476 974 540 iu
996 493 1057 559 quo
1073 493 1154 560 aqua

40 571 161 636 haeret.
206 569 285 634 Nam
313 568 397 652 quud
419 567 624 650 (ioettliugius
652 571 761 634 statuit
782 589 812 654 p.
837 571 905 638 154.
925 573 986 638 boc
1008 591 1080 640 esse
1102 577 1152 641 le-

40 670 192 732 miniuum
213 668 361 748 gentiliuii
384 662 551 750 Γερμηυός,
573 676 850 751 propteraaraturn
867 671 981 736 lrabere
995 689 1058 736 uon
1071 690 1151 754 pus-

40 785 151 832 suruus
174 769 249 849 quia
268 769 296 832 is
317 767 409 849 plane
430 767 583 847 legitimus
605 774 654 831 est
675 774 823 833 aeneutus
847 764 953 852 Γέρμη
984 764 1002 833 ὁ
1027 773 1151 854 πολίτης

40 862 208 950 Γερμηνός
226 863 281 930 καὶ
302 860 446 949 Panaque}
469 865 574 945 steph.
605 881 669 930 uon
698 867 798 930 sulum
820 868 910 949 hujus
940 870 1072 934 numinis
1094 870 1150 936 sed

41 967 181 1030 omnium
199 961 320 1048 Σιόἁκη
335 958 513 1046 Σιὸακηνός
524 959 697 1047 Σιὸακηνὴ,
719 962 840 1049 Σιδήλη
854 963 1038 1050 Σιδηληνός,
1060 965 1150 1032 Φάλ-

38 1087 81 1146 γα
106 1061 292 1149 Φαίγιμιός,
313 1060 422 1129 Δάτου
441 1058 586 1144 Δαιηνός
607 1069 665 1127 ete.
706 1064 923 1130 Desideranus
952 1067 1044 1147 igitur
1071 1067 1151 1131 sub-

39 1166 213 1229 stantivum
237 1171 395 1244 oxytouun
414 1160 583 1242 etquidem
605 1177 664 1224 usu
685 1163 788 1226 tritunu
811 1165 883 1244 quia
903 1165 1055 1230 Arcadius
1076 1166 1150 1230 dieii

38 1256 59 1344 ἡ
81 1257 242 1345 συνήθεια
262 1256 373 1340 tgna.
415 1259 449 1324 ld
471 1267 573 1324 autem
594 1260 685 1341 quala
700 1263 791 1325 luerit
803 1263 928 1326 inventu
943 1262 1149 1330 difficillimum

40 1368 174 1443 propter
195 1359 417 1424 multitudinem
445 1375 551 1422 eorum
572 1374 652 1439 quae
680 1359 712 1422 in
732 1360 819 1424 libris
840 1363 959 1428 uostris
989 1371 1149 1430 autentum

39 1460 170 1541 regulae
194 1460 380 1523 eontrarium
401 1457 534 1522 babenb:
553 1449 691 1540 Ἀνθηνή
711 1457 811 1524 Noun.
829 1460 932 1526 XXVI.
959 1462 1033 1530 81.ὓ
1064 1467 1149 1528 Βοί-

40 1554 122 1642 βηνὴ
144 1559 275 1624 Ptolem.
296 1557 331 1621 V.
353 1557 423 1622 337.
444 1550 603 1638 Μαρὸηνή
624 1555 672 1620 vl.
694 1557 763 1623 380.
785 1555 928 1643 &rinvel
947 1556 1020 1641 ὄρος
1037 1559 1149 1646 Κύμης

40 1655 92 1721 καὶ
112 1651 203 1740 χώρα
224 1655 351 1740 Steph.⁷
372 1650 519 1739 Μωρηνὴ
542 1654 644 1720 Sirab.
664 1655 727 1721 llll.
749 1657 818 1724 574.
840 1656 982 1743 Χορζηνὴ
1002 1661 1052 1726 ΧΙ.
1074 1661 1144 1729 528·

43 1751 186 1840 Esaiam}
206 1755 277 1822 529.
299 1749 443 1838 Σωφηνή
467 1753 585 1836 septies
606 1753 638 1815 in
657 1753 718 1818 boo
738 1756 834 1840 libro,
861 1776 940 1840 quae
968 1775 1022 1824 eur
1042 1759 1148 1823 diver-

44 1874 111 1920 sunu
135 1874 154 1920 a
180 1850 313 1937 Πριήνη,
335 1849 499 1936 Κισθιιίνη,
521 1845 676 1934 Kabia-riva
698 1853 828 1936 aliisque
848 1857 966 1921 urbiuru
989 1864 1019 1921 et
1040 1859 1147 1938 regin-

43 1971 114 2019 uum
134 1954 312 2018 nominibus
326 1956 486 2018 aenentum
502 1949 645 2033 habeant,
665 1954 750 2016 uarie
766 1952 915 2035 disputari
925 1962 1039 2037 potest.
1072 1959 1147 2018 Σω-

42 2048 130 2136 W?
151 2052 273 2134 quiden
294 2053 322 2115 si
344 2069 383 2116 ex
404 2043 588 2133 Σωφανηνή
602 2058 793 2115 nontraetum
810 2059 868 2135 est,
890 2055 937 2116 sin
958 2056 1036 2118 enirn
1060 2055 1146 2119 urulti

44 2152 237 2234 appellaut‚⁸
256 2157 416 2215 accentum
446 2166 567 2230 eoquo
597 2150 684 2214 initio
711 2150 767 2214 luit
800 2150 871 2215 loeo
903 2153 1056 2216 mansisse
1082 2169 1147 2218 nou

44 2249 122 2313 adeo
144 2251 254 2314 mirum
276 2257 341 2331 est3
362 2265 421 2314 neu
442 2249 470 2312 si
488 2249 625 2329 regionis
646 2265 759 2313 nomeu
773 2250 956 2317 deeliuatum
971 2258 1020 2314 est
1033 2269 1051 2314 a
1066 2267 1145 2332 geu-

45 2349 140 2413 tiliein
171 2344 331 2431 Σωφηνός
363 2356 397 2412 ut
422 2342 598 2431 Κυζικηνός
631 2344 800 2431 Κυζικηνή.
848 2348 1009 2413 Diuersum
1044 2356 1146 2414 tumen

45 2449 161 2511 sentire
182 2446 303 2511 uidetur
324 2447 516 2528 Stephanus:
539 2442 661 2529 Σιδήνη
678 2443 815 2530 Σιδηνός
835 2442 877 2522 ὡς
894 2443 1063 2531 Σωφηνός,
1084 2448 1145 2515 boe

46 2555 93 2611 est
114 2547 236 2611 incolas
257 2564 276 2610 a
297 2547 424 2627 regione
446 2544 661 2610 denominatos
684 2562 772 2628 esse;
800 2547 955 2611 sedidem
976 2565 1001 2612 s.
1023 2548 1147 2630 Νίσιβις

46 2645 105 2710 boe
131 2642 294 2728 Σωφηνός
322 2645 442 2709 confert
474 2660 542 2710 eum
570 2640 742 2726 Νισιβηνός
769 2652 799 2710 at
833 2641 988 2728 Ταβηνός,
1016 2661 1146 2726 quorurn

47 2746 195 2826 principia
215 2751 288 2810 sunt
310 2744 442 2826 Νίσιβις,
469 2737 578 2826 Τάβαι.
619 2742 841 2809 Nonnulluruuu
864 2746 1017 2826 scriptura
1037 2746 1069 2806 iu
1085 2743 1146 2807 du-

47 2843 95 2907 bio
118 2851 185 2925 est;
208 2860 278 2907 narn
299 2859 357 2924 pru
379 2837 537 2926 Μαρδηνή
563 2840 632 2906 eod.
652 2837 832 2926 Μαρδυηνή
857 2845 986 2924 praebet
1013 2846 1146 2928 utron-

48 2938 122 3026 ίηνὴ
146 2950 178 3008 et
200 2936 376 3025 Γορδυηνή,
397 2958 498 3024 neque
520 2941 610 3005 lauile
632 2941 744 3004 existet
766 2943 817 3022 qui
839 2941 876 3006 de
892 2944 1052 3007 venabulis
1070 2943 1147 3007 bar-

47 3041 128 3106 baris
152 3042 298 3122 subragia
319 3041 399 3105 ferre
420 3040 541 3105 audeat.
582 3038 748 3120 Aliquanto
773 3044 872 3120 major
900 3049 948 3106 est
970 3045 1146 3106 constantia

50 3157 151 3206 eurum
172 3157 253 3222 quae
273 3157 431 3206 numerum
443 3143 533 3204 trium
547 3138 734 3218 syllabarum
748 3138 908 3206 excedunt.
934 3142 1019 3205 Haec
1034 3141 1145 3208 Grann-

49 3241 148 3304 ruatiei
169 3240 240 3302 aeui
261 3238 374 3302 donent
395 3245 518 3319 praeter
539 3230 718 3318 Μυτιλήνη,
740 3235 939 3322 Δινδυμήνη,
963 3237 1143 3324 Πακιυὴνη,

51 3339 157 3418 nuribus
185 3343 327 3418 quartum
355 3335 461 3418 adjicit
486 3335 667 3400 Eustalbius
697 3334 737 3401 ad
763 3336 852 3403 Dian.
882 3337 969 3404 1088.
999 3335 1088 3414 πόλις
1107 3335 1147 3402 τὰ

110 3554 139 3622 6)
168 3552 218 3607 llie
234 3552 305 3606 urbis
323 3551 440 3606 inludia
459 3553 524 3607 sitae
536 3565 632 3607 nornen
650 3555 704 3617 est3
723 3550 943 3618 graeea’Aqu'vn
955 3555 1011 3608 sire
1025 3551 1146 3604 Ἀνίάνα

51 3636 165 3690 scribitur
183 3634 215 3688 ab
233 3634 326 3702 balbe,
345 3639 470 3704 ululant,
489 3635 602 3689 condita.

111 3719 140 3788 7)
172 3717 212 3772 Ab
242 3717 293 3773 hue
317 3719 435 3775 Aeolidls
453 3723 545 3776 'utente
570 3719 701 3788 appellata
732 3717 836 3773 videtur
858 3717 964 3782 Σείίνη
991 3715 1147 3785 ἦίίμαζιίν

53 3800 161 3868 Tbeugu.
183 3803 428 3872 liburniaeque
453 3804 614 3858 Amazonum
632 3817 647 3856 a
667 3803 741 3856 loeis.
777 3801 898 3857 Ceterum
923 3800 1062 3869 utrobique
1079 3805 1144 3851 Σαι-

55 3883 114 3948 ίίνη
132 3885 299 3940 seribeutluun
318 3890 380 3954 puto
396 3887 439 3942 vel
456 3884 584 3956 Σαρίίνη
607 3900 639 3941 ex
657 3884 771 3939 Herode.
788 3885 818 3939 V.
835 3884 910 3939 llum.
931 3899 953 3937 e.
972 3884 997 3940 9.

112 3968 141 4035 8)
164 3970 315 4037 tenerive
334 3983 375 4038 up.
394 3969 485 4038 steph.
506 3967 663 4038 Σωφινήνη
676 3968 752 4023 Dion.
772 3967 844 4022 Cass.
865 3967 971 4022 XXXVl.
984 3966 1034 4023 ¹³6.
1049 3969 1144 4034 Σοφα-

56 4049 113 4114 νινή
130 4051 241 4120 Pruenp.
258 4051 325 4107 Bell.
341 4052 413 4108 Pers.
433 4054 454 4107 l.
472 4053 515 4120 21,
533 4051 575 4109 62.
591 4051 623 4106 Ε.
648 4057 766 4120 correpta
790 4054 874 4119 prinu
891 4058 921 4105 ut
938 4066 980 4118 up.
1007 4050 1147 4114 Lucanum,

58 4134 301 4202 aeueutulegitimo,
319 4134 536 4205 subsequentes
555 4135 588 4191 de
609 4134 705 4190 Aedill.
726 4136 773 4189 lll.
792 4136 817 4190 2.

880 4216 945 4282 13*
