2768 4994
1 482 172 551 ›iscium
198 480 302 562 περνίς
330 488 361 545 et
381 479 495 562 ιαῤῥίς,
525 481 608 564 quod
630 483 836 548 Schneiderus
859 483 988 567 Oppian.
1008 486 1076 552 Hal.
1096 487 1146 552 iii.

1 583 108 649 187.
138 598 155 643 e
189 578 276 645 codd.
299 582 439 660 reposuit
467 598 524 662 pro
551 578 676 666 ιοῤῥάς,
716 589 746 648 et
773 579 883 658 λευκάς
909 581 1006 648 barba
1033 591 1146 650 uocata

1 689 100 761 est,
132 678 189 743 sed
216 680 270 743 illa
298 681 468 744 terminatio
498 681 593 744 multo
621 682 826 766 frequentior,
854 683 998 762 ποικιλίς,
1026 685 1144 764 χίωρίς,

1 779 180 864 ραλαρίς,
202 779 344 860 μελαινίς,
366 795 495 858 quorum
519 780 579 843 duo
602 787 674 844 sunt
690 782 789 845 avium
805 785 938 864 nomina,
955 788 1144 862 postremum

1 882 103 943 uvis
129 878 323 960 plantaeque,
345 877 414 939 buit
435 879 606 958 proximum
629 881 775 944 conchae.
784 878 814 921 ²³
841 881 974 944 Prorsus
995 879 1074 944 idem
1092 899 1144 944 va-

1 986 95 1044 cent
122 972 239 1059 μαγλάς
260 983 290 1068 et
310 975 416 1057 μαχλίς
435 967 456 1057 ἡ
477 971 579 1058 πόρνη
598 977 670 1042 Hes.
693 985 726 1042 ut
743 974 852 1062 μοιγάς
873 986 904 1044 et
924 979 1037 1060 μαγίς,
1061 977 1143 1060 quod

1 1076 264 1156 aristophanes
287 1072 415 1138 Gramm.
438 1091 486 1155 ap.
507 1073 594 1137 aust.
615 1075 702 1160 1761,
723 1077 772 1143 23.
795 1085 938 1160 tanquam
952 1078 1144 1143 'insolentius

1 1175 185 1242 enotavit.
233 1173 281 1237 Ad
309 1172 462 1256 duplicata
490 1172 556 1253 (VI)
585 1177 719 1254 pertinet
744 1171 830 1260 ὅρνις
855 1172 1001 1251 annotate
1029 1177 1144 1257 gallina

1 1279 69 1341 bis
104 1291 157 1355 ap.
181 1271 323 1338 Nicandr.
339 1273 435 1336 semel
455 1271 598 1352 κατοικίς,
620 1280 781 1356 utrumqne
803 1295 821 1340 a
841 1274 984 1350 κάνοιιιος
1005 1273 1145 1338 declina-

1 1385 117 1452 tum3
140 1371 197 1436 sed
211 1372 349 1436 verbalia
362 1366 494 1450 άποικλς,
516 1367 639 1452 incauto,
660 1375 809 1454 παροιιιλς,
832 1374 969 1449 camerato
989 1389 1143 1454 nunquam

1 1478 200 1538 mutantur.
228 1471 314 1552 Νῆις
330 1466 571 1553 χαλκεμβολάδες
592 1488 648 1552 pro
670 1469 870 1556 χαλκέμβολοι
888 1474 993 1555 Eurip.
1020 1469 1143 1556 νύμφαι

2 1564 274 1654 οὐρεοφοιτάόες
300 1570 463 1634 Autboi²⁴
487 1566 713 1651 μεσοκουράὸες
740 1568 854 1654 δένδρα
873 1564 925 1636 ὑπ’
947 1565 1070 1654 ἀνέμων
1089 1595 1143 1636 κα-

1 1665 166 1753 ταγένια
186 1669 257 1734 Hes.
267 1671 296 1710 ²⁵
317 1670 459 1733 feminina
480 1675 514 1733 ut
532 1668 661 1754 videtur,
683 1671 739 1736 sed
750 1667 992 1753 νροχοκονράδες
1008 1674 1143 1735 circum-

5 1772 121 1836 tonsi
149 1769 180 1832 in
200 1768 333 1833 Choerili
361 1784 463 1851 versu,
485 1768 534 1831 cui
553 1767 691 1833 Naekius
712 1787 741 1851 p.
764 1769 832 1834 145.
856 1770 990 1850 praefert
1014 1770 1143 1851 losephi

7 1871 221 1952 scripturam
240 1866 473 1950 τροχοκονρίόες
492 1867 613 1931 ratione
641 1885 748 1948 parum
771 1867 938 1948 explorata.
982 1862 1142 1951 Ἐπιιμηλ1-

11 1971 75 2044 δες
101 1964 227 2052 νύμφαι
254 1967 379 2048 saepius
401 1967 540 2030 dicuntur
560 1981 686 2048 gregum
708 1966 865 2050 custodes,
886 1965 942 2031 sed
963 1961 1143 2048 ἐπιμηλάδες

9 2070 135 2135 Nonn.
157 2067 233 2131 XIV.
253 2066 322 2131 210.
352 2072 382 2129 et
403 2060 581 2147 {sepniatios
601 2058 683 2147 αἶγες
710 2063 743 2128 αλ
762 2058 836 2147 μετά
862 2059 1027 2145 προβάτων
1047 2059 1140 2146 νεμό-

12 2188 124 2252 μεναι
144 2165 217 2230 Hes.
245 2164 328 2246 quod
347 2162 555 2228 Blomfieidius
584 2161 623 2228 ad
644 2163 760 2229 Gallim.
787 2164 819 2226 in
839 2162 941 2245 Apoll
962 2163 1054 2228 50.21
1080 2162 1140 2228 leri

97 2414 147 2481 23)
170 2413 199 2467 V.
226 2413 380 2470 Schneider.
404 2414 437 2467 ad
459 2414 566 2468 Aristot.
591 2413 619 2468 T.
645 2413 687 2468 IV.
714 2413 773 2470 sie
801 2413 828 2466 ln
855 2411 953 2466 Cratini
978 2413 1019 2466 Fr.
1038 2429 1064 2479 p.
1082 2415 1137 2471 toa.

17 2501 118 2569 piscis
138 2498 221 2565 ignoti
240 2511 334 2552 nomeu
354 2504 395 2554 est
410 2498 550 2566 μελαίνας,
569 2496 639 2566 quod
657 2495 805 2552 Meinekius
821 2494 956 2565 μελαινάς
973 2495 1139 2552 scribendum

21 2586 136 2638 censet.

99 2680 148 2746 24)
164 2677 438 2749 Ἐναυλακοφοίτιάες
455 2669 524 2749 ὧραι
541 2678 618 2733 Anti.
638 2684 763 2734 accentus
781 2681 838 2747 ipse
858 2678 993 2746 distinguit
1012 2678 1043 2732 ab
1062 2677 1138 2730 ἔναν-

23 2766 197 2832 λακοφοῖτις
223 2763 327 2818 ductum
353 2768 381 2818 ut
403 2761 548 2820 πολυπότις
573 2761 773 2828 anelontem,
793 2762 841 2817 sed
862 2764 1027 2831 θερμοποτίς
1047 2761 1141 2816 calicis

24 2863 130 2906 nomen
149 2861 166 2902 tt
183 2845 364 2916 θερμόποτος.

100 2955 149 3022 25]
168 2953 314 3021 Hesychius
328 2951 511 3024 Ἐγκοοράδες
528 2950 561 3003 τά
578 2949 608 3003 ἰν
626 2951 664 3019 τῷ
682 2949 814 3021 unisone
828 2954 964 3020 στίγματα
980 2949 1137 3018 [incisurae]

29 3042 80 3093 καὶ
99 3039 127 3090 ot
145 3035 177 3089 ἐν
195 3041 254 3094 ταῖς
268 3035 386 3108 ὀροφαῖς
405 3036 542 3109 γραφικοὶ
558 3037 677 3092 πίνακες.
707 3035 783 3085 Ἔστι
798 3034 851 3104 γὰρ
872 3032 973 3103 κουράς
992 3029 1006 3100 ἦ
1026 3031 1137 3104 αορνφνί

30 3126 80 3176 καὶ
102 3120 117 3174 ὁ
137 3119 260 3190 γραπτὰς
276 3122 372 3181 πίναξ,
397 3119 531 3191 ἐγαοοράς
550 3118 580 3172 δὲ
599 3114 613 3171 ὁ
629 3119 830 3189 γεγραμμένος.
865 3116 898 3171 Et
914 3115 1022 3186 Κονράς
1040 3119 1146 3190 όροφιχ

32 3205 81 3264 κὸς
98 3203 190 3262 πίναξ,
208 3201 283 3274 παρά
302 3202 331 3256 ti
351 3202 477 3273 Αἰσχύλῳ
495 3200 714 3272 ἀμφιβάλλεται,
733 3198 834 3268 dequo
853 3201 994 3256 novissime
1014 3200 1140 3257 disseruit

31 3289 199 3344 Hermennus
218 3284 314 3354 Opuse.
334 3286 361 3340 Τ.
378 3286 409 3341 V.
430 3288 486 3345 its.
504 3287 599 3341 Prioris
615 3284 720 3354 glossae
738 3290 837 3353 partem
855 3289 1012 3352 postremam
1027 3286 1067 3338 sic
1081 3284 1137 3341 iero

33 3363 202 3426 scribendam
220 3368 344 3424 arbitror:
372 3371 428 3422 ἔστι
451 3369 505 3439 γὰρ
523 3368 623 3441 κουράς
640 3367 654 3434 ἡ
673 3367 780 3440 κορυφὴ
796 3369 843 3418 καὶ
867 3365 1000 3436 ε’γκονράς
1027 3363 1135 3437 ὄέγγε-

32 3457 206 3525 γραμμίνος.
240 3454 268 3507 si
292 3453 438 3520 Aeschylus
459 3455 496 3508 ita
520 3456 625 3522 scripsit
647 3452 746 3524 γραφῇ
769 3457 916 3521 προαιῖγον
937 3451 1006 3516 ὄψιν
1022 3447 1058 3508 ὥς
1072 3451 1132 3500 'EP-

34 3538 192 3595 KOYPAM,
211 3535 305 3603 ambigi
325 3541 429 3604 poterat
444 3540 527 3590 uuum
545 3535 705 3604 significetur
723 3535 818 3606 γραφὴ
838 3534 868 3586 ἐν
884 3531 1049 3602 κουρίδιον
1068 3551 1133 3602 γρα-

36 3621 74 3690 φὴ
96 3617 231 3690 ἐγκοοράς
248 3619 333 3686 imago
352 3619 488 3674 lacunaris.
523 3617 630 3690 Κνοράς
646 3621 779 3672 summitas
802 3620 858 3673 sire
881 3623 979 3672 tectum
1001 3617 1134 3684 interpre-

35 3707 80 3758 tati
100 3706 161 3758 sunt
178 3713 206 3754 ut
222 3699 312 3770 Κόραν
330 3699 448 3771 κορυφή,
466 3704 596 3772 quomodo
609 3708 701 3757 remex
721 3703 813 3755 montis
831 3701 934 3754 dicitur.

102 3809 151 3876 26)
168 3809 256 3864 Sabat.
278 3807 348 3862 adu.
367 3809 385 3863 i.
404 3811 430 3862 εί
451 3809 481 3864 δὲ
505 3806 693 3878 μενεμηλάάες
710 3805 850 3878 γράφεται
872 3805 932 3858 ἀντὶ
956 3810 1005 3856 τοι·Ι
1027 3803 1136 3870 θήλειαι

38 3893 224 3953 ελσὶ,1011οεεθ
250 3890 434 3961 γενεμηλάίλες
456 3895 569 3963 scripsit.
604 3891 712 3959 Vulgata
737 3891 823 3948 simile
845 3886 983 3945 Ἐνοιάδες
1004 3884 1081 3956 αἶγες
1105 3887 1135 3937 αἱ
1224 3943 1228 3956 ⁸

39 3977 75 4042 μὴ
92 3973 274 4042 κοράπτονσαι
292 3975 354 4031 Hes.
375 3982 402 4033 et
419 3963 563 4034 αατοιάάες
580 3977 606 4026 ot
624 3975 669 4040 τῆς
687 3977 803 4042 ποίμνης
820 3971 952 4042 ἡγεμόνες
968 3967 1044 4037 αἶγες
1056 3970 1132 4022 Parus.

41 4059 80 4114 iii.
101 4060 140 4125 ta,
155 4059 180 4115 2.
195 4073 245 4113 uon
263 4057 295 4113 ab
308 4063 365 4119 οίο,
385 4066 413 4114 ut
432 4066 529 4128 putant.
547 4059 597 4116 scd
617 4057 648 4112 ab
667 4055 707 4116 οῖς
725 4062 870 4126 utmmqne.
904 4054 971 4108 Num
989 4052 1030 4107 tris
1047 4054 1133 4119 signi-

42 4141 145 4198 icantur
164 4141 288 4209 trybririae
307 4147 351 4212 qui
369 4160 401 4200 er
420 4147 506 4198 ouium
526 4158 584 4200 eum
602 4143 687 4212 capris
707 4139 845 4196 concubitu
863 4137 1020 4192 nascuntur?

852 4222 919 4288 20*
