2768 4994
13 495 69 535 ειν.
130 463 310 546 Στασιάζω
327 461 520 547 Ἡρωδιανὸς
539 463 619 531 κατὰ
639 464 834 552 πλεονασμὸν
858 471 917 535 τοῦ
938 471 960 534 ἆ
979 471 1045 539 ΕΜ.
1067 473 1138 558 725,

13 621 18 634 .
47 569 173 650 quasi
200 567 348 630 accepia
368 575 401 630 nt
421 569 519 632 θυσία
538 564 653 646 evocet
681 619 687 631 .
739 569 816 633 Huic
845 570 974 634 similem
1002 573 1139 654 speciem

13 677 22 732 i
50 667 187 733 simile
209 667 390 748 principium
412 666 505 730 habet
525 662 753 748 νλιιτοριοὶζειν,
775 666 859 749 quod
886 675 917 732 et
946 671 1139 753 ιιλειτορίζειν

13 770 140 849 icitur,
171 771 207 829 et
228 757 382 846 ὀοιριοὶζω,
405 765 561 848 discrepat
581 783 656 831 vero
686 758 855 842 ἆὸωνιάζω.
897 766 1015 831 Eodem
1042 770 1136 834 modo

13 883 31 930 e
58 863 267 929 nominibus
290 864 461 946 disputant:
482 862 618 929 Δαύνιοι
637 861 691 928 καὶ
710 866 835 928 Aenaria
859 859 895 928 τὸ
922 861 1064 949 θηλυκὸν
1083 866 1138 933 mi

13 958 172 1046 Ιαυνική
197 958 278 1026 κατὰ
296 957 457 1046 σνγκοτὴν
477 957 540 1028 ἀπὸ
559 965 618 1028 τοῦ
647 964 824 1028 Acceperat
847 960 901 1027 καὶ
927 962 1137 1043 Δαυνιοιτιιιός

13 1065 122 1145 ceph.
159 1062 220 1126 ubi
250 1069 324 1144 pest
350 1059 511 1145 σογκοτήν
537 1062 715 1128 exciderunt
742 1067 897 1126 Δαυνῖται
915 1059 968 1126 cci
988 1069 1136 1130 Δοννιτι-

13 1158 54 1236 ός
80 1155 162 1224 ἀπὸ
189 1161 247 1224 τοῦ
268 1163 443 1225 Λαννιᾶτοιι
462 1159 516 1225 καὶ
533 1156 749 1234 Δαννιιιτικὸς.
792 1160 854 1226 Sed
876 1161 925 1226 liis
947 1178 1069 1246 quoque
1087 1167 1136 1230 si-

13 1279 38 1325 ,ο
73 1261 192 1324 dubio
226 1259 350 1325 diversa
377 1262 498 1325 inerunt
526 1260 692 1342 prirnnrdia
719 1261 847 1335 Διιῦνος
874 1268 906 1325 et
936 1257 1076 1337 Δαύνιος
1101 1272 1135 1333 ut

13 1354 164 1434 {aemuia
180 1366 214 1423 et
226 1355 385 1438 Βοιώτιος,
404 1361 579 1440 pariterque
596 1359 773 1425 Priscianus
785 1360 821 1424 ln
835 1360 865 1443 8,
879 1359 929 1426 86.
943 1360 1096 1442 Cypricus
1106 1361 1134 1404 ⁷²

13 1467 32 1522 ιι
56 1460 210 1522 Italicus
232 1458 354 1522 aliunde
378 1465 446 1523 orta
468 1457 540 1523 dicit
562 1475 651 1539 quarn
673 1475 753 1538 quae
774 1458 894 1538 syllaba
915 1458 985 1539 plus
1008 1459 1131 1525 habent.

13 1556 98 1620 eilde
123 1557 185 1620 nis
207 1552 405 1638 Σπαρτιάτης
425 1557 607 1643 πλεονασμῷ
627 1557 684 1620 τοῦ
705 1560 727 1619 οἳ
755 1549 799 1631 ὦς
818 1551 1039 1639 Κροτωνιάτης
1065 1558 1132 1624 ΕΜ.

13 1657 79 1739 i22‚
104 1657 167 1722 48.
193 1655 277 1738 qued
299 1673 338 1719 err
358 1654 525 1720 Herodiani
544 1655 622 1720 libro
645 1651 856 1735 accinctina
879 1654 959 1718 unde
983 1655 1132 1738 pleraque

13 1758 240 1840 superiorum,
271 1755 506 1836 transscripturi
527 1759 584 1818 est.
626 1755 830 1836 Νωνακρίτης
855 1750 907 1816 καὶ
933 1749 1013 1816 κατὰ
1038 1757 1132 1820 πινο-

13 1849 141 1936 οασμὸν
175 1847 406 1935 Νοννοιιιριάτης
433 1851 539 1932 steph.
574 1851 625 1932 qui
656 1851 764 1917 endem
791 1851 884 1916 nodo
915 1847 1074 1935 Φαοιάτης
1102 1861 1132 1920 at

13 1951 248 2036 Φρικωνιάτης
270 1958 339 2016 crta
352 1949 445 2015 tradit
457 1955 488 2013 ct
499 1966 519 2012 a
532 1951 652 2025 Μῶλος
666 1946 825 2034 Metapa
837 1957 930 2033 atque
943 1947 1130 2035 Μωλυάτης.

79 2201 131 2269 72)
151 2200 372 2256 inseramini.
391 2198 590 2256 Androm.880.
612 2195 693 2257 ὄτὰς
717 2198 877 2272 recuperata
904 2199 1023 2270 ἱστορίας
1048 2198 1128 2253 cenci.

13 2295 70 2352 ψας
87 2282 313 2357 (σνγγράψαςΐ)
332 2283 391 2339 cod.
412 2282 523 2350 Guelph.
541 2281 680 2352 Κνπρικάς
697 2284 819 2354 praebei;
837 2284 900 2339 alibi
917 2297 969 2338 non
986 2283 1049 2352 iegi.
