2788 4994
185 261 238 328 DE
259 262 356 330 ΝΟΜ.
376 263 479 366 unilt.
501 261 655 330 DECLIN.
676 250 772 341 ΙΝόῖς
792 263 935 332 PURUM.
957 273 987 344 ς.
1006 267 1035 344 7.
1104 266 1174 336 llll-'l

23 428 100 506 ξος
128 419 264 506 'Aietius
281 421 411 505 Ἀλέξιος
427 421 557 506 Ἀίέξων
574 423 715 507 Ἀίωξίων
731 424 882 508 Ἀλεξῖνος
892 427 1079 513 -Ἀριστος
1089 427 1173 518 Ἀρι·

23 541 133 600 στις
157 518 319 609 Ἀριστέας
342 520 500 606 Ἀριστίας
523 521 684 610 Ἀριστεύς
707 523 863 613 Ἀρίστων
887 523 1052 610 Ἀριστίων
1073 539 1112 597 ⁴et
1138 539 1173 598 ut

28 628 180 706 cuique
207 627 331 707 fingenti
362 626 486 706 placuit.
528 628 645 710 Hisque
674 630 766 694 modo
796 647 854 712 pro
885 629 1016 694 diversis
1037 637 1179 715 utuntur,

26 724 160 788 modo
183 741 300 789 summa
320 725 352 786 in
379 724 597 804 aequabilitate
617 736 744 808 ponunt.
786 729 873 794 Unde
894 736 966 793 suut
986 730 1039 792 illa
1060 730 1092 794 in
1113 747 1172 794 ve-

32 826 161 888 tustis
185 822 412 905 exemplaribus
433 821 659 906 dittograpbiae
680 827 808 891 indicia:
828 821 975 909 Ἀνόγων
990 823 1012 911 ἢ
1025 821 1173 906 Ἀναξίας

32 923 174 988 Schol.
201 922 355 1004 Lycopbr.
388 922 458 988 511.
492 918 658 1006 marat)
691 920 837 1008 Τελέστης
870 926 980 992 Athen.
1008 927 1030 993 Ι.
1053 927 1103 993 21.
1138 928 1170 994 p,

39 1021 203 1086 Φαίδων
229 1017 252 1106 ἢ
282 1021 433 1102 Φαιδρίας
462 1039 490 1085 v,
517 1021 647 1086 Meinelt.
676 1025 755 1088 illst.
783 1023 854 1090 385.
884 1025 979 1108 Ζηνός
1002 1021 1024 1109 ἢ
1053 1023 1172 1109 Ζηνεός

31 1122 136 1186 Ath.
168 1120 593 1204 111160111111ῆας
627 1123 821 1188 scribendum
855 1139 894 1187 ex
925 1123 1045 1188 ltnecd.¹
1076 1125 1171 1193 barb

41 1218 160 1286 1192.
191 1219 318 1300 Utrique
347 1216 386 1283 ad
413 1219 549 1299 speciem
576 1220 676 1285 simile
709 1223 807 1304 Πῆλις
835 1221 927 1287 Paus.
954 1222 990 1287 X
1011 1221 1067 1306 27,
1091 1222 1119 1298 1,
1139 1230 1172 1288 et

40 1313 194 1401 Πηλεύς
214 1317 270 1382 sed
291 1316 413 1382 diversa
437 1319 571 1382 tortasse
594 1321 731 1402 origine;
753 1335 823 1384 nam
854 1321 950 1404 Ζῆνις
976 1337 1034 1403 pro
1066 1315 1171 1404 Ζηνό-

40 1417 159 1491 δοτος
179 1417 278 1498 aocipi
299 1422 408 1497 potest
433 1423 466 1479 ut
497 1417 607 1492 Θεῦδις
632 1420 723 1483 1111111.
754 1419 817 1484 Xll.
848 1420 916 1486 1⁷9.
944 1421 993 1484 oui
1019 1421 1052 1483 in
1080 1421 1171 1488 Thes.

41 1533 230 1598 perperam
256 1515 404 1578 articulus
432 1515 594 1580 femininus
622 1519 822 1599 praeponitur
850 1535 908 1600 pro
943 1515 1170 1594 &codetanum

47 1610 242 1695 Θεόδωρος,
255 1608 394 1696 ’Ἀδηυις
414 1611 535 1696 (omiss.
562 1615 595 1679 in
625 1617 692 1698 Th.)
724 1617 827 1697 Stepb.
855 1635 880 1682 s.
908 1613 1003 1701 Δύμη
1030 1618 1114 1684 Suid.
1143 1637 1171 1689 s.

37 1707 217 1782 Ἱππῶναξ
243 1729 301 1793 pro
325 1707 500 1796 Ἀθήναιος
522 1713 572 1777 rel
595 1706 829 1798 Ἀθηνόδωρος.
878 1716 985 1798 Neque
1012 1718 1083 1782 buic
1110 1717 1170 1783 ad·

46 1818 209 1876 versatur
230 1811 314 1893 quod
334 1813 381 1876 sic
402 1813 577 1893 composita
604 1813 665 1876 alio
695 1813 872 1896 detorqueri
893 1823 1024 1897 possunt
1050 1815 1170 1892 Θευδᾶς

46 1904 307 1992 ὑποκοριστικόν
326 1911 384 1975 τοῦ
406 1907 569 1988 Θεόδωρος
587 1910 653 1976 ΕΜ.
674 1911 744 1996 444,
765 1913 814 1978 34.
833 1913 883 1977 cui
913 1913 996 1996 quod
1016 1913 1168 1980 Arcadius

19 1997 21 2002 ’
50 2009 204 2090 adjungit
230 2027 260 2090 p.
282 2009 340 2092 21,
370 2009 418 2074 17.
449 2009 564 2082 Ποᾶᾶς
592 2010 728 2075 tortasse
753 2011 834 2077 idem
863 2029 974 2078 nomen
1008 2014 1167 2094 estquod

54 2105 175 2184 Πόθις
195 2109 340 2174 scribitur
360 2107 450 2173 Paus.
470 2107 507 2172 X.
529 2106 558 2190 6,
579 2107 609 2173 3.
628 2108 703 2174 Plin.
724 2111 854 2178 XXXVI.
879 2114 909 2195 5,
931 2113 959 2178 t.
989 2110 1072 2193 quod
1100 2112 1127 2176 si
1149 2129 1169 2178 a

52 2204 162 2273 πόθοι
184 2215 278 2290 puteo
300 2207 350 2270 vel
371 2207 410 2271 ab
432 2206 509 2270 urbe
522 2206 672 2288 Delphica
692 2207 815 2276 ductum
830 2218 887 2294 ast,
904 2211 950 2276 sic
971 2211 1169 2292 pronunciari

55 2313 191 2390 oportet
212 2313 244 2372 ut
275 2302 407 2384 Πόθον,
439 2299 569 2379 Πυθέας
593 2305 677 2371 Pind.
708 2303 832 2384 Πύθιος
861 2315 892 2374 ct
922 2305 1048 2383 Πυθαίς
1076 2309 1168 2376 111111.

55 2407 126 2472 hoc
149 2412 199 2470 est
219 2405 321 2487 ypsilo
344 2405 458 2486 longo;
479 2404 621 2484 idemque
641 2407 757 2481 Ποσᾶς
778 2409 868 2472 etiam
890 2423 946 2490 pro
971 2403 1168 2489 Πυθόδωρος

56 2507 167 2587 accipi
194 2521 291 2586 posse
317 2504 495 2584 intelligitur
519 2519 557 2567 ex
585 2504 688 2569 Sobel.
715 2507 805 2571 Dion.
836 2507 964 2572 Gramm.
984 2505 1054 2572 857.
1078 2500 1168 2570 ὁτέ-

57 2625 176 2686 ταρτος
195 2605 260 2666 τῶν
278 2598 526 2684 ὑαοκοριστιιιῶν
544 2597 642 2676 τόπος
660 2603 703 2679 είς
723 2593 763 2681 οξ
779 2600 822 2680 ὡς
850 2607 954 2689 Ζηνός
981 2599 999 2668 ό
1022 2599 1168 2688 Ζηνόδω-

58 2725 122 2786 ρος
141 2697 196 2766 καί
223 2703 357 2784 Μητρᾶς
382 2695 400 2765 ὁ
428 2697 624 2786 Μηνόδωρος
649 2710 683 2767 ut
705 2706 775 2770 Sex.
797 2705 936 2786 Pompeii
955 2704 1084 2769 libertus
1107 2703 1167 2768 dn-

61 2808 199 2883 ctorque
234 2801 381 2866 classium
413 2801 453 2865 ab
489 2801 632 2881 Appiano
667 2798 882 2886 Μηυόδωρος,
916 2819 935 2867 a
963 2804 1063 2867 Dione
1089 2819 1165 2870 vero

59 2901 184 2985 Μηνᾶς
203 2908 347 2980 vocatum
374 2915 444 2963 nam
465 2899 543 2963 baec
560 2903 715 2967 nominum
737 2903 932 2984 propriorum
966 2902 1166 2985 interpolatio

61 3000 159 3064 nullis
180 2997 330 3062 adstricta
358 3004 477 3061 tenetur
503 2998 624 3080 legibus
651 3002 708 3066 sed
734 3001 826 3067 modo
848 2999 1008 3066 dissimilia
1027 3001 1167 3066 similiter

61 3098 226 3162 flectuntur
246 3096 338 3161 modo
360 3097 472 3160 similia
493 3095 629 3182 diversa,
649 3117 749 3181 neque
770 3101 869 3164 solum
891 3099 1087 3165 Metrodorus
1107 3101 1169 3164 ali-

63 3199 135 3278 quis
165 3195 354 3259 familiariter
381 3197 516 3278 Μητρᾶς
545 3200 694 3280 appellari
715 3201 814 3283 potuit
836 3198 892 3265 sed
914 3201 1004 3263 etiam
1024 3199 1053 3262 is
1076 3200 1127 3281 qui
1148 3217 1167 3266 a

64 3295 246 3378 parentibus
267 3311 379 3360 nomeu
400 3287 548 3378 Μητρέας
574 3299 749 3381 accepisset
770 3305 803 3362 ut
816 3291 928 3382 Ἡρέας
946 3293 1001 3362 καί
1027 3291 1062 3361 έν
1088 3310 1167 3360 συο-

65 3390 179 3477 αιρέσει
194 3387 291 3475 Ἡρᾶς
311 3387 354 3468 ὥς
373 3391 490 3477 βοῤῥᾶς
510 3395 575 3459 ull.
596 3397 666 3463 436.
689 3405 719 3462 et
740 3398 850 3479 Δημᾶς
873 3390 935 3460 ἀπὸ
963 3396 1021 3460 τοῦ
1041 3390 1167 3478 Δημέας

68 3493 285 3560 scholium.
314 3492 383 3577 114,
405 3492 454 3557 24.
483 3509 541 3557 nec
561 3497 696 3580 Μητρᾶς
722 3496 822 3562 solum
850 3496 933 3559 illius
954 3495 1038 3558 uices
1061 3494 1166 3559 subire

67 3593 165 3674 potuit
194 3591 249 3656 sed
282 3593 373 3656 etiam
395 3587 519 3676 Μότρις
540 3597 690 3678 (Μᾶτρις)
712 3613 740 3658 v.
764 3594 1011 3674 schweighaues.
1033 3591 1072 3657 ad
1091 3593 1163 3658 Atb.

69 3693 101 3757 T.
121 3692 142 3756 l.
164 3691 235 3756 315.
258 3690 365 3757 donce
386 3695 507 3774 quidem
530 3702 562 3760 ut
584 3690 731 3778 Ματρέας
745 3691 978 3758 Alexandrinus.
1019 3692 1059 3756 Et
1076 3688 1166 3775 Νόμι

68 3813 121 3874 ηας
139 3791 205 3855 ΕΜ.
226 3808 290 3855 σου
311 3809 329 3856 a
351 3789 573 3877 Νυμφόδωρος
594 3795 706 3877 repetit
726 3792 782 3858 sed
803 3810 821 3856 a
842 3787 958 3874 νύμφη.
1006 3793 1166 3872 Amynan·

70 3889 122 3954 der
144 3907 218 3954 vero
240 3907 294 3955 rex
314 3893 517 3958 Athamanum
539 3911 558 3957 a
578 3892 706 3972 Polybio
730 3891 856 3971 saepius
878 3891 939 3972 sie,
967 3890 1063 3953 semel
1075 3885 1166 3971 Ἀμυ-

71 3992 125 4064 νᾶς
157 3999 349 4071 nuncupatur
378 3991 426 4055 lV.
457 3991 511 4074 16,
539 3991 568 4056 9.
596 3991 677 4056 sicut
706 3988 881 4055 Alexander
915 3988 954 4052 ab
992 3985 1165 4068 Epiphanio

69 4079 200 4167 Ἀλεξᾶς,
221 4088 365 4172 idemque
383 4089 458 4155 idud
478 4107 517 4155 ex
534 4084 686 4173 Ἀμυνίας
707 4089 839 4154 existere
859 4087 1002 4168 potuisse
1023 4091 1166 4152 testatum
