2770 4992
210 273 259 342 Η
578 269 904 338 dissuendam
935 269 958 336 Ι.

209 439 345 508 haumar
372 445 406 504 ut
432 437 554 522 muz
579 435 691 503 Nereis
718 443 751 502 et
777 437 879 502 insula
905 435 1048 519 Aniene,
1074 436 1224 500 adsim
1244 435 1326 502 mus

211 537 410 621 Thessaliae,
431 532 568 621 Κορώνη
588 538 774 621 Messeniae,
794 531 959 618 Κορώνεια
977 535 1136 619 Boeotiae,
1159 535 1325 600 tenutam

211 643 270 720 eat,
291 652 393 720 neque
414 639 488 702 seiri
508 635 582 702 lieet
605 636 679 718 quid
700 653 739 702 en
760 653 823 718 quo
845 643 945 699 ortum
973 637 1016 699 sit
1041 636 1103 700 nisi
1129 651 1192 716 qua
1213 635 1326 716 poeti·-

211 751 270 802 eae
289 734 539 818 interpolationis
554 737 688 816 vestigia
701 737 845 817 glisount.
879 734 1078 817 appellativa
1089 740 1192 799 autem
1205 737 1236 798 si
1250 737 1326 817 quis

210 835 351 918 proterat
372 833 524 917 duplicem
545 837 673 900 formam
687 837 808 918 sortita,
829 827 889 917 ὢν]
911 869 947 880 -
970 829 1056 898 ἄιον
1075 828 1097 918 ἡ
1116 835 1227 918 πορεία
1245 833 1324 900 iles.

208 933 289 1000 eota
310 941 342 1000 et
362 935 457 998 attioe
476 935 581 998 θοιείο
600 933 666 1000 ΕΜ.
689 941 747 1000 eto.
768 934 879 998 Parati.
899 931 970 998 322
998 933 1076 997 draeo
1102 934 1323 1016 synaloephen

211 1031 290 1102 adeo
312 1047 376 1098 non
398 1033 601 1115 comprobant
626 1039 662 1097 ut
689 1033 810 1098 facilius
832 1029 955 1096 aradum
975 1048 1014 1095 ea
1034 1049 1115 1114 quaa
1134 1048 1191 1113 per
1213 1033 1324 1115 plures

210 1131 350 1212 nitebas
373 1130 552 1215 decurrunt,
580 1149 598 1195 a
619 1131 813 1196 breuioribus
834 1129 973 1194 denium
992 1147 1065 1195 esse
1085 1149 1176 1212 quam
1197 1141 1323 1214 eontra,

210 1231 272 1298 tuiai
294 1231 374 1296 sorte
396 1248 455 1296 sua
476 1231 598 1312 utrique
612 1237 662 1295 ast
676 1237 708 1295 et
721 1232 849 1313 propria
864 1231 961 1311 origo.
1004 1229 1093 1306 Quod
1106 1240 1215 1316 restat,
1236 1235 1323 1316 apud

210 1327 466 1396 droadium105.
494 1325 700 1412 παροξύνεται
724 1326 761 1394 τὸ
789 1326 919 1413 Λολάρη
945 1323 1046 1410 ὥςπερ
1070 1325 1107 1393 τὸ
1131 1324 1234 1416 spirim
1267 1331 1323 1399 aad

209 1421 334 1511 ιιιιιιάγη
365 1419 386 1511 ἦ
414 1419 494 1512 byei)
522 1425 631 1512 ἱέρεια,
665 1429 818 1494 Meineirio
847 1424 972 1512 ιιανόγη
997 1429 1171 1494 emendanti
1198 1432 1320 1514 uragu.

211 1527 297 1596 Gom.
318 1527 353 1594 11.
373 1527 445 1594 421.
473 1544 563 1592 nemo
586 1529 645 1592 erit
665 1529 740 1610 quin
761 1525 923 1612 adcredat,
952 1527 1008 1594 aad
1030 1529 1112 1610 quod
1133 1529 1218 1594 addit
1238 1531 1322 1598 hane

211 1627 341 1694 formam
362 1643 426 1691 nou
447 1625 543 1692 videri
565 1628 655 1692 aliter
677 1626 825 1708 explicari
846 1643 943 1708 posse
965 1629 1025 1692 nisi
1053 1635 1086 1693 ut
1108 1643 1147 1692 en
1165 1627 1324 1714 προάγειν

213 1731 376 1792 eontraota
398 1741 469 1791 esse
492 1727 684 1791 existimetur
700 1721 1033 1810 quamadmodunttpp
1053 1723 1204 1812 exidpaoe,
1229 1735 1323 1814 equi.

211 1823 279 1892 dem
301 1824 529 1890 substantiarum
557 1826 631 1890 illud
660 1842 699 1890 ax
726 1824 880 1906 adjectivo
900 1822 1041 1910 naedpps
1058 1837 1162 1893 uatum
1183 1831 1324 1897 arbitror

210 1931 244 1992 ut
264 1917 427 2008 νανιοὶρβη
451 1930 482 1988 et
499 1919 641 2008 πανιὲκη,
677 1924 760 2006 qnod
788 1941 827 1988 en
853 1921 1006 1990 ποινάιιειο
1026 1935 1219 1994 eontraetum
1246 1949 1324 1999 esse

209 2025 283 2094 atini
310 2021 501 2106 persuadere
528 2039 592 2088 non
618 2039 757 2105 possum.
800 2015 880 2106 Ἰέοη
899 2025 968 2106 ipse
990 2027 1078 2091 attuli
1097 2029 1129 2093 in
1150 2031 1324 2110 proeodosi

211 2140 251 2190 ex
277 2123 356 2190 Plut.
384 2124 434 2190 An
462 2123 530 2186 sani
557 2138 639 2203 resp.
659 2122 763 2186 XXIV.
786 2121 855 2187 131.
885 2123 917 2187 T.
938 2123 1000 2189 xli.
1029 2125 1080 2189 ubi
1108 2139 1322 2196 momorantur

209 2225 328 2294 Dianae
353 2220 535 2288 aaoerdotes
555 2221 710 2302 Ephesiae
725 2221 894 2284 Vestalium
915 2223 976 2285 ritu
997 2239 1096 2288 annos
1112 2229 1249 2292 muneris
1268 2229 1322 2294 in-

211 2331 258 2390 ter
279 2319 474 2405 distendam,
502 2319 653 2400 agendum
675 2323 706 2382 et
727 2318 898 2384 docendum
919 2323 1052 2402 partitae
1078 2323 1212 2408 ideoque
1240 2347 1323 2411 pro-

211 2423 286 2506 priis
305 2419 480 2488 nominibus
497 2417 662 2483 distinctae
682 2413 829 2501 μελιιέρη,
851 2413 926 2501 tipo,
948 2416 1086 2506 οοιριέρη,
1109 2432 1139 2488 οι
1157 2433 1323 2508 oxytonon

212 2521 273 2604 tegi
295 2519 416 2602 quidem
430 2520 480 2582 Χο
511 2537 575 2580 ιον
595 2516 796 2598 (Gratiarum)
818 2513 883 2602 ἱερή
902 2521 994 2586 Anti.
1013 2523 1076 2607 iiii.
1097 2539 1126 2588 n.
1141 2523 1212 2591 233.
1233 2524 1324 2610 ἱεράν

209 2611 269 2704 τὴν
297 2609 409 2698 ἱέρειαν
439 2612 573 2680 manaa
597 2616 713 2682 Aneod.
739 2617 833 2681 Bekk.
855 2636 884 2700 p.
908 2618 976 2704 100,
996 2618 1024 2686 9.
1056 2637 1211 2704 nunquam
1243 2645 1321 2695 vero

212 2717 278 2802 ispei
299 2721 352 2782 aut
373 2713 438 2798 iapr'i
459 2722 493 2780 ut
513 2715 698 2781 Buttmanno
720 2717 871 2799 plaoebat.
912 2718 1021 2802 Neque
1037 2721 1137 2787 simile
1153 2739 1228 2790 esse
1241 2735 1321 2809 puto

211 2909 509 2924 ffl—

211 3043 261 3090 nea
286 3027 339 3086 diet
362 3031 449 3098 potest
473 3029 532 3082 utra
555 3025 636 3080 iornua
662 3027 696 3081 sit
719 3028 798 3095 prior.
832 3027 906 3084 idaeo
929 3028 1160 3097 paraschemattsta
1185 3043 1254 3092 suut.
1292 3041 1321 3096 st

210 3129 274 3174 vato
292 3111 354 3170 urbt
372 3125 388 3168 a
404 3111 496 3180 regina
512 3110 613 3178 Apama
631 3109 798 3166 denominata
810 3110 944 3180 Ἀιιιὲμιια
964 3113 1072 3182 dieitur,
1096 3115 1320 3180 denominativum

211 3204 253 3256 eti
269 3201 297 3254 ut
317 3193 463 3253 aLttodloe
481 3191 638 3253 Λαοδίκεια,
658 3208 674 3247 a
692 3194 862 3262 Phaenagon
873 3195 1065 3265 mmmmm
1083 3201 1152 3255 sicut
1166 3202 1198 3256 ab
1211 3204 1318 3263 Amto-

210 3279 288 3338 rocta
307 3279 418 3350 quadam
435 3276 517 3334 herba
534 3274 724 3346 ἀριοιολόχιιοι
741 3277 830 3332 schot.
849 3279 927 3336 Ther.
944 3281 1002 3338 509.
1017 3281 1075 3338 937.
1094 3283 1218 3354 aliaeque
1237 3289 1319 3359 ἀχα-

210 3363 278 3424 imo,
300 3363 420 3432 πέρσεια,
444 3359 583 3434 oppositate,
604 3373 673 3429 quae
695 3359 789 3416 eadem
807 3358 947 3431 ἦράκλειος
964 3359 1058 3417 dicitur
1077 3371 1136 3434 pypo
1154 3375 1317 3441 possessivo,

211 3461 290 3518 quern
314 3445 438 3502 feminina
461 3443 506 3499 iiia
529 3445 642 3499 retineat
665 3449 761 3497 mutato
786 3450 904 3499 accentu.
940 3446 986 3500 His
1011 3449 1114 3503 accedit
1137 3457 1318 3512 antonomasia

211 3531 283 3589 reiut
300 3531 322 3586 si
342 3529 460 3599 Apamea
476 3527 538 3582 urbs
553 3525 659 3596 Ἀοιίμη
678 3527 773 3582 dicitur
789 3530 848 3597 ipso
866 3532 974 3597 reginae
995 3533 1109 3598 nomina,
1131 3539 1160 3586 nt
1172 3535 1319 3608 ’Ἀμοοιρις

211 3613 266 3670 dne
288 3609 467 3684 Ἀμόσιριδος
489 3611 580 3680 Staph.
604 3611 657 3665 alia
678 3610 761 3678 Nysa,
785 3611 837 3666 aiia
858 3610 984 3679 Arsinoe,
1010 3615 1062 3668 adia
1079 3615 1256 3676 Hermonassa
1276 3620 1320 3676 ent

206 3693 387 3768 ‘Eppoedoep
405 3693 478 3750 Euat.
500 3693 531 3748 ad
543 3693 619 3748 Dion.
637 3693 696 3750 tta.
716 3694 810 3762 quibus
828 3699 972 3765 comparari
983 3705 1093 3766 possunt
1108 3701 1222 3768 piscium
1234 3719 1318 3761 voca-

211 3779 272 3838 bili
290 3774 412 3848 '¹⁶9⁶‘th
433 3773 546 3845 βάκχος,
572 3782 669 3845 turnus,
690 3780 740 3831 nisi
757 3778 826 3836 haee
842 3779 946 3834 fortuita
966 3787 1007 3836 est
1020 3787 1203 3852 apuemptosis.
1242 3789 1317 3852 Quo.
1382 3815 1383 3852 ι

211 3860 289 3918 modo
308 3868 395 3918 autern
412 3858 494 3916 herba
511 3857 690 3930 ιὶλιξιὶνδριιιι
708 3862 740 3916 ab
761 3861 908 3917 Alexandro
927 3877 1021 3920 noman
1038 3869 1157 3936 accepit,
1180 3870 1221 3930 sip
1239 3874 1316 3927 aarum
1382 3861 1383 3906 ἒ

211 3945 286 4016 urbs,
311 3959 362 4000 non
380 3949 408 4000 at
426 3941 627 3999 Choeroboscus
644 3947 733 4000 statuit
750 3946 784 4000 11.
807 3947 863 4014 178,
883 3947 923 4004 18.
943 3945 1131 4019 Ἀλεξάνδρεια
1155 3953 1204 4003 καὶ
1218 3952 1314 4008 'Aureo'-

209 4046 274 4097 χιιιι
292 4027 322 4082 ἰν
343 4027 389 4082 τοῦ
402 4025 592 4095 'maturitatis
609 4029 657 4079 ιιιιὶ
671 4028 830 4098 Ἀντιοχεύς.
866 4029 924 4095 Qua
943 4030 978 4088 de
995 4045 1025 4090 re
1038 4035 1241 4103 venusjaarcat
1252 4039 1314 4096 Ste-

211 4110 311 4178 phttttus
330 4125 352 4166 s.
368 4108 566 4181 Ἀλεξάνδρεια,
587 4111 698 4180 Εὔβοια,
718 4112 876 4186 memoriani.
