2750 4994
200 196 265 266 198
546 197 866 266 nlssnnllrlo
905 198 955 264 lv.

199 360 249 428 lli.
271 362 301 446 5,
321 362 351 429 6.
375 361 432 428 sed
459 365 585 447 saepius
604 363 786 443 Kuoouoot,
811 369 846 429 nt
866 364 975 445 regula
996 367 1092 445 optat.
1134 363 1203 428 laur
1226 381 1316 430 oon-

201 460 292 526 oludo
313 463 409 527 verba
428 462 480 526 illa
503 457 691 545 stephanio
718 461 751 528 di
766 452 863 546 Ὦρος
885 457 924 525 τὰ
951 457 1056 545 μέντοι
1083 459 1315 544 καθαρεύαιαα

200 561 245 647 τῷ
265 561 288 644 ῆ
307 555 390 626 θέαι
408 557 641 646 παραλήγεσθαι
659 559 751 645 χωρὶς
772 562 859 626 εἰ-
879 563 960 626 hano
982 563 1167 626 sententiam
1188 563 1314 628 lrabere

200 653 241 724 odo
252 654 309 743 μὲν
321 655 449 743 καθαρὰ
467 662 511 748 τῷ
531 657 644 726 aditet
664 657 946 744 παραλήγεσθαατὰ
965 657 999 724 δὲ
1011 655 1054 743 μὴ
1075 657 1178 736 οὕτως
1196 657 1315 744 ἔχοντα

201 759 288 847 epiri,
300 761 361 824 lroo
379 766 429 826 est
439 761 492 824 illa
505 777 584 841 qnae
598 759 701 842 paullo
719 767 791 824 ante
804 760 891 824 attuli
904 762 936 824 ln
947 747 1026 844 ἧνῖς
1038 777 1147 842 pnrnnr
1160 763 1315 825 exeuntia

203 866 256 922 ant
269 859 369 924 rninus
378 863 463 923 reete
477 861 594 940 seripta
607 865 659 922 ant
674 860 913 940 tropaenornine
927 865 1168 923 enonsalaesse.
1185 861 1315 940 Agani-

202 959 274 1022 tiris
295 975 359 1023 non
379 958 465 1039 puris
478 960 619 1038 prolecta
634 974 689 1038 per
703 963 754 1022 eta
767 951 1143 1039 soribuntnr'lideooporig,
1162 960 1313 1041 Λαριαη-

202 1049 267 1135 υός,
277 1049 447 1140 Ὀβοδηυός
460 1064 491 1121 et
499 1064 603 1123 setara
614 1056 856 1139 innumerabilia,
864 1049 1313 1141 exeeptisronranis'Appiun-

202 1175 267 1238 νος,
278 1147 455 1237 Ἀλβανός13
469 1162 527 1221 ete.
548 1162 579 1220 et
594 1155 750 1219 nonnullis
770 1173 849 1237 qnae
864 1156 919 1217 rlro
940 1161 1012 1217 ante
1025 1155 1167 1220 vocalem
1178 1157 1310 1221 habent.

204 1251 306 1329 Quare
321 1251 401 1317 Orus
424 1251 507 1316 addit
527 1251 620 1337 χωρὶς
640 1255 667 1319 ei
686 1248 729 1337 pr)
749 1255 793 1340 τῷ
817 1242 836 1338 ρ
856 1248 1103 1335 παρεδρευόμευα
1121 1253 1313 1337 ἃιαφυροῖτο

204 1351 278 1431 (sor.
301 1349 477 1434 dopoooiro)
497 1350 640 1437 καθάπερ
660 1349 710 1417 ἐπὶ
728 1354 787 1417 τοῦ
803 1345 993 1436 Ἀγκυραυός
1012 1349 1063 1416 καὶ
1085 1351 1311 1438 Θυατειρηνός,

203 1445 362 1532 Πρμαυὸρ
388 1447 441 1514 καὶ
462 1447 658 1536 Γαγγρηνόρ,
686 1451 739 1517 ubi
765 1467 822 1532 pro
852 1446 1011 1534 Γερμαυός
1038 1453 1185 1517 substitui
1215 1454 1312 1520 debet

202 1549 388 1629 gentilicium
410 1567 429 1614 a
448 1553 571 1616 nornine
595 1552 628 1615 in
653 1537 697 1630 ρἰἶ
719 1556 850 1614 exeunte
878 1550 1080 1633 declinatum,
1109 1551 1313 1633 Γιρῤανός14

202 1647 252 1712 vel
273 1648 372 1712 simila
394 1649 598 1733 aliqnippiurn.
636 1649 799 1714 Postremo
828 1648 911 1713 addit
938 1637 985 1712 oio
1004 1643 1042 1712 τὰ
1061 1644 1118 1730 μὲν
1141 1647 1230 1732 παρὰ
1250 1649 1313 1737 τὴν

194 1740 353 1828 ’Ἄγκυραν
373 1744 572 1831 συαεξὲδραμι
592 1749 636 1836 τῷ
659 1743 821 1830 Σαραυός,
845 1741 1031 1829 Βοστραυός,
1052 1742 1091 1811 τὰ
1112 1743 1146 1812 δὲ
1167 1744 1232 1816 ἀπὸ
1253 1756 1313 1818 τοῦ

205 1840 358 1928 Θυάτειρα
377 1845 429 1912 καὶ
451 1843 489 1911 τὰ
508 1852 540 1912 Γ
536 1844 635 1932 άγγρα
659 1848 825 1929 παρῆκται·
853 1839 930 1910 ἀλλὰ
949 1845 1003 1912 καὶ
1022 1849 1170 1930 θηλυκῶς
1190 1846 1313 1933 λέγεται

202 1939 379 2029 ἡΓιὶγγρα.
422 1947 478 2011 llio
506 1956 580 2029 post
598 1945 756 2030 ’Ἄγκυραν
777 1944 932 2010 aroldisse
964 1945 1093 2010 alterurn
1122 1951 1310 2036 exemplum,

204 2044 286 2128 qnod
308 2041 411 2126 lidda
432 2046 529 2111 luisse
550 2049 657 2131 posui,
686 2047 736 2110 vel
764 2063 802 2110 ex
829 2043 958 2108 artioulo
988 2045 1099 2126 plurali
1126 2035 1173 2110 ὧν
1192 2044 1234 2112 ιὰ
1253 2047 1312 2133 μὲν

203 2149 341 2228 apparat,
362 2161 421 2209 nee
439 2146 514 2210 vitio
537 2154 622 2210 earet
642 2139 829 2226 Βοαιρανός,
851 2161 921 2208 narn
943 2161 961 2207 a
983 2140 1106 2225 Βόσιρα
1127 2147 1312 2234 Βοστρηνός

204 2241 351 2306 deolinari
373 2243 547 2325 Stephanus
568 2246 636 2327 ipsa
652 2244 788 2308 declarat
804 2261 867 2308 non
885 2242 980 2306 semel
995 2243 1051 2307 sed
1065 2252 1199 2325 qnatnor
1218 2247 1311 2314 dein-

204 2357 279 2421 ceps
300 2341 379 2406 louis
401 2361 426 2408 s,
449 2338 586 2425 Βόσπρα,
610 2340 751 2427 Γάγγρα,
774 2338 917 2423 Γάδαρα,
932 2336 1051 2423 ”lippa
1080 2343 1140 2406 Pro
1163 2345 1227 2410 hoc
1247 2349 1311 2430 igi-

205 2445 254 2504 tur
276 2431 444 2523 Ὀσιραυός
475 2460 623 2524 reponam
651 2461 670 2508 a
696 2443 819 2507 nomino
848 2441 935 2506 urbis
963 2441 1087 2506 italiana
1121 2441 1248 2510 ductum
1276 2453 1310 2512 nt

204 2533 357 2619 Συρανός
376 2557 396 2603 a
417 2543 511 2626 Sora,
533 2560 553 2606 a
574 2543 655 2608 Cora
676 2542 832 2624 Coranus,
854 2540 893 2603 ab
914 2536 990 2604 urba
1013 2538 1163 2605 Sardiana
1186 2544 1310 2627 Νωρα-

203 2632 268 2715 υός,
290 2637 372 2718 quod
388 2640 563 2722 Stephanus
579 2657 647 2705 curn
661 2639 766 2705 italien
779 2639 920 2704 Nolanus
939 2637 1075 2718 oonlert;
1097 2655 1199 2722 eoque
1213 2644 1308 2710 modo

202 2735 350 2818 Polybius
367 2728 634 2821 Ἀργυραιιιαιυύς
655 2739 790 2822 appellat
811 2755 890 2819 quos
913 2735 1025 2802 Strabo
1041 2736 1088 2800 Vl.
1103 2736 1173 2804 283.
1200 2733 1308 2824 Ἀργα-

204 2830 378 2920 prospaeris
399 2837 447 2902 val
467 2844 502 2902 ut
521 2837 638 2902 floraes
661 2837 796 2922 scripsit,
814 2829 1070 2920 Ἀργυριαπίυους
1093 2835 1174 2902 liert.
1186 2839 1214 2880 ¹⁵
1240 2841 1308 2906 llo-

201 3014 495 3031 ———-·—

272 3116 316 3184 13)
341 3117 397 3173 lloo
415 3125 456 3175 est
475 3119 543 3174 Alba
568 3117 708 3184 oriundns;
734 3133 793 3174 nam
813 3116 940 3187 Ἀλρανόι
965 3119 1050 3186 gentis
1072 3118 1187 3177 Arianae
1212 3136 1308 3180 nornen

205 3201 327 3272 primitivi
353 3215 446 3270 expers
471 3218 523 3257 non
547 3204 630 3271 magis
651 3201 704 3255 hue
726 3203 839 3269 perlinat
860 3215 937 3270 qnam
958 3200 1115 3270 Γερμανός,
1137 3201 1265 3264 ‘lunaris
1282 3211 1308 3263 et

206 3285 259 3339 alla
276 3298 423 3353 aparagoga
442 3291 469 3340 ln
488 3286 614 3355 Stephani
631 3285 701 3352 loeo,
716 3284 761 3338 ubl
779 3299 825 3354 pro
846 3283 974 3354 ὀλρανός
998 3285 1165 3343 sorilrendum
1191 3294 1234 3344 est
1254 3289 1307 3340 'Al-

204 3365 296 3438 ῥανός.
335 3367 400 3422 Nam
417 3370 481 3424 illud
498 3365 623 3438 ὀλρηνός
643 3367 745 3422 dieitur.

273 3451 318 3519 ll)
341 3451 412 3507 Alilri
430 3453 536 3522 quidem
553 3449 687 3521 Γιῤῥηνός
703 3451 799 3518 legitur
817 3454 844 3506 at
860 3450 1008 3520 Stephanus
1025 3451 1084 3520 ipsa
1104 3450 1241 3521 Γιῤῥαῒος
1265 3453 1307 3508 ai-

205 3535 256 3592 lant
271 3541 299 3591 ut
314 3535 442 3607 Ἀχέρραι
454 3534 627 3608 Ἀχερῤαϊος,
655 3549 702 3603 pro
726 3549 777 3603 quo
794 3532 928 3602 Appianas
951 3533 1016 3590 Pnn.
1036 3535 1059 3592 e.
1085 3535 1127 3594 63.
1142 3535 1309 3606 Ἀχερῥανός

205 3621 302 3692 posuit.

275 3703 319 3772 15)
342 3702 391 3757 llio
413 3717 523 3771 magnae
541 3703 669 3760 Graeoiae
685 3702 806 3770 proprius
823 3704 900 3770 typus
919 3705 968 3770 ost,
987 3701 1053 3756 alter
1065 3716 1114 3770 per
1128 3707 1172 3760 eta
1185 3702 1306 3772 Asianus,

205 3803 284 3858 qnam
300 3787 447 3856 Stephanus
465 3803 486 3842 s.
501 3784 647 3856 Ἀβασηνός
668 3785 808 3852 gentilioiis
824 3782 970 3852 Europaeis
991 3783 1138 3852 abjudical;
1160 3786 1184 3840 is
1203 3789 1249 3854 qni
1266 3788 1307 3841 al-

205 3872 257 3943 pha
273 3872 361 3939 habet,
380 3886 509 3927 romanus.
552 3870 626 3926 idern
639 3867 733 3926 Ἵππος
756 3867 836 3932 νῆσος
855 3866 1020 3938 Ἐρυθραίας
1041 3871 1089 3922 καὶ
1112 3866 1190 3927 πόλις
1206 3871 1306 3924 Halm.

206 3961 296 4020 πίνης
311 3957 358 4009 καὶ
374 3956 512 4012 Σικελίας·
532 3951 561 4005 τὸ
579 3949 692 4004 laetato
706 3949 828 4008 ‘innovor
844 3950 891 4002 καὶ
907 3947 1048 4014 Ἱππηνός,
1071 3950 1124 4006 hoo
1141 3952 1305 4024 Asianorum,

206 4041 314 4097 altornn
332 4037 488 4095 Siculorum.
522 4035 576 4094 Sed
602 4036 743 4092 nuisoentur
766 4033 911 4101 interdum
936 4031 1056 4088 Κάναθα
1078 4033 1156 4095 πόλις
1172 4037 1303 4108 Ἀραβίας,
