2750 4994
207 289 273 360 lla
551 290 887 359 bissnurarlo
925 293 960 359 ll.

289 464 321 534 s.
343 457 373 523 3.
414 456 499 522 llaec
521 463 608 538 parta
630 464 809 540 perpetrata
829 475 982 525 resumam
1003 465 1232 549 quaestionem,
1256 484 1320 530 ou-

204 561 258 641 ius
279 554 472 622 inchoandae
496 557 621 621 occasio
644 575 681 621 er
702 575 735 621 re
756 559 827 639 ipsa
848 563 920 622 nata
941 566 1006 642 est,
1035 562 1240 642 perficiendae
1263 566 1321 630 lo-

209 675 265 724 cus
287 655 387 721 adbuc
408 671 472 718 non
493 655 557 737 init,
580 655 618 721 de
640 656 827 736 syllabarum
849 657 1036 722 bilitcrarum
1058 660 1106 739 (ut
1128 663 1176 726 sie
1198 663 1319 746 dicam)

208 755 379 840 epenthesi.
415 753 513 834 liujus
534 756 658 834 speeies
681 757 785 839 existit
807 757 835 822 si
856 773 895 820 ex
915 775 977 822 uno
999 760 1152 824 uocabulo
1170 762 1319 847 alterum,

208 857 357 937 deinceps
379 853 501 918 tertium
522 850 678 917 derivatur
698 855 759 918 hoc
779 855 890 919 modo:
924 857 1013 938 βλίζω
1029 893 1068 904 -
1084 860 1175 942 βλλμη
1190 895 1230 906 -
1243 863 1318 943 βικ-

207 952 309 1042 pago,
332 961 384 1019 ant
404 954 432 1018 si
453 959 485 1015 ct
506 954 658 1034 primitivo
681 971 739 1017 sua
760 961 809 1019 est
831 967 970 1036 propago
993 963 1024 1020 et
1045 959 1117 1022 item
1138 957 1317 1024 derivativo

206 1063 243 1123 ut
263 1057 303 1121 ab
319 1043 398 1136 Ἶφις
415 1043 531 1134 Ἰφίων,
562 1052 601 1115 ab
614 1047 732 1135 Ἴφιτος
749 1046 901 1136 Ἴφικλον,
929 1055 968 1118 ab
988 1048 1085 1136 ἂγκάς
1100 1053 1240 1141 ἀγκάζω,
1273 1061 1316 1123 ab

207 1150 326 1239 ἀγκάλη
352 1146 520 1235 crucilia,
552 1151 636 1234 quod
669 1169 708 1216 ne
735 1154 927 1218 Eustatbium
957 1155 1077 1235 quidem
1105 1157 1214 1220 ieiellit
1240 1156 1317 1242 990,

206 1256 257 1322 lo.
277 1254 317 1318 ab
339 1246 493 1334 ἀστραβὴς
513 1243 702 1333 &creabilem
722 1252 788 1315 sive
809 1244 1004 1334 ἀστραφλζειν
1019 1259 1050 1318 et
1066 1270 1178 1319 nomen
1192 1250 1317 1339 ἀστρο-

206 1349 315 1440 βισκήρ
335 1347 471 1434 ὄργανον
490 1344 534 1425 ὥς
561 1349 722 1430 ὁλοπτρον·
736 1351 808 1415 ries.
832 1351 870 1415 ab
892 1344 1083 1435 despoliatos
1102 1371 1177 1418 uero
1199 1349 1317 1438 ἀστρα-

206 1455 352 1538 patrate,
384 1452 433 1515 oui
459 1450 635 1516 Bocckhius
659 1449 698 1514 ad
724 1451 821 1515 lusor.
850 1451 925 1515 Nau.
946 1469 975 1532 p.
998 1451 1066 1517 111.
1087 1452 1162 1516 illud
1182 1454 1315 1520 brevius

205 1552 333 1618 verbum
354 1549 601 1614 substituendum
621 1556 720 1631 putat,
739 1548 796 1614 scd
817 1549 891 1613 nibil
913 1567 991 1631 opus
1014 1557 1070 1615 est.
1111 1552 1195 1616 llaec
1216 1555 1315 1634 igitur

205 1667 269 1716 aon
290 1651 388 1730 magis
409 1649 552 1711 miramur
573 1664 664 1728 quam
686 1648 747 1711 alia
768 1666 787 1712 a
809 1649 940 1713 diversis
962 1649 1087 1712 casibus
1100 1649 1150 1714 rel
1165 1667 1184 1714 a
1202 1651 1314 1716 diver-

206 1753 251 1818 sis
273 1747 412 1832 ejusdam
434 1763 527 1810 casus
550 1747 655 1810 lormis
678 1745 805 1831 deflexa,
827 1765 846 1811 a
866 1754 953 1812 recto
972 1742 1139 1829 κωμάζειν,
1162 1749 1201 1812 ab
1224 1751 1316 1815 obli-

205 1867 267 1932 quo
288 1845 485 1929 neocellae,
514 1862 640 1909 aruma
660 1861 798 1929 rumare,
831 1862 974 1910 arumen
995 1849 1156 1912 ruminare.
1198 1849 1313 1930 Neque

147 1964 154 1982 ‘
203 1948 351 2015 miraculo
375 1962 447 2010 esse
468 1943 560 2008 debet
588 1943 671 2024 quod
690 1945 841 2008 interdum
862 1961 926 2008 non
947 1952 1077 2026 apparet
1098 1946 1210 2026 quibus
1231 1963 1312 2027 gra-

204 2050 294 2116 dibus
316 2064 335 2111 a
355 2047 453 2128 pmmo
477 2050 656 2125 perventum
683 2045 725 2107 sit
751 2043 789 2108 ad
813 2051 979 2108 extremum
999 2045 1197 2128 interversis,
1225 2064 1313 2127 quos

203 2147 357 2215 dialectici
377 2149 508 2227 vocant,
536 2143 674 2206 terminis
697 2141 814 2208 mediis.
867 2141 956 2206 Velut
984 2141 1112 2207 duorum
1139 2144 1310 2210 verborum

204 2265 283 2331 quae
299 2243 473 2323 Hesychius
495 2241 653 2323 componit
670 2234 873 2323 Ἀγκιαλιάζει
893 2236 984 2322 ἄγχει,
1008 2247 1094 2322 patet
1115 2241 1245 2307 alterum
1268 2261 1310 2309 err

202 2348 301 2411 altero
325 2350 424 2407 ortum
444 2358 517 2406 esse
539 2357 595 2422 per
616 2339 789 2420 traducem;
817 2339 873 2405 sed
894 2341 985 2420 bajus
1005 2343 1167 2421 vestigium
1190 2362 1309 2426 super-

202 2451 252 2509 est
278 2442 402 2506 nullum.
451 2440 491 2504 Et
519 2440 599 2504 inter
620 2433 720 2515 οκάζοι
742 2444 774 2502 ct
794 2433 971 2522 σκαμβάλυξ
991 2439 1132 2522 sepelies
1154 2442 1306 2532 (σκόλοψ)

200 2543 273 2609 iles.
295 2540 370 2604 nibil
389 2539 583 2616 interjectum
604 2537 742 2602 videmus
762 2545 885 2618 praeter
905 2534 1054 2622 Σκαμβός
1071 2540 1252 2626 meapte&
1273 2557 1309 2614 et

200 2635 351 2722 Σκάμβυξ
372 2632 491 2710 σκόλοψ
517 2629 614 2716 χάραξ
639 2636 711 2701 lles.
739 2654 867 2717 quorum
896 2641 1112 2719 cognationem
1139 2642 1307 2714 clariorem

199 2738 330 2807 reddunt
359 2735 454 2798 latina
477 2751 576 2798 coroa
597 2729 766 2817 (οιρεβλός)
787 2737 893 2802 babos
915 2733 1062 2820 (coeloe)
1086 2757 1168 2804 ocra
1189 2739 1306 2820 (σκάν-

189 2837 306 2920 ’ᾶαλος)
335 2832 392 2900 sad
411 2830 534 2897 lambda
556 2839 657 2896 tamen
677 2841 807 2915 apparet
827 2836 860 2898 in
880 2837 950 2902 aliis
970 2838 1061 2918 hujus
1083 2839 1215 2903 iamiliae
1240 2859 1307 2908 no-

198 2925 487 3009 intumescentiae,
510 2927 679 3015 σκαληκός,
702 2940 733 2996 et
756 2935 876 2998 luerunt
898 2936 1033 3001 tortasse
1055 2938 1107 3017 qui
1127 2935 1306 3022 σκάμβαλος

197 3037 384 3115 usurparent
410 3025 641 3113 οοκαμβηρός,
671 3031 751 3096 uude
773 3034 986 3116 οκκμρηρλζεικ
1003 3029 1206 3117 ὀλοθκλνειν,
1237 3057 1305 3108 οοο

197 3137 290 3213 longe
316 3135 477 3194 remotum.
526 3130 666 3212 Denique
693 3132 722 3196 si
748 3134 944 3213 reperiuntur
970 3136 1118 3200 nonnulla
1138 3155 1217 3218 quae
1239 3143 1304 3207 nisi

198 3229 377 3315 epenthesis
401 3244 461 3309 ope
478 3229 626 3309 explicari
644 3238 816 3313 nequeunt,
839 3247 876 3295 ca
897 3247 931 3294 re
952 3247 1015 3296 nou
1037 3233 1165 3298 allicitur
1186 3243 1219 3300 ut
1240 3239 1303 3303 bac

196 3333 301 3416 potius
328 3329 379 3392 via
406 3343 496 3408 quam
524 3327 628 3409 aliqua
656 3330 779 3394 occulta
806 3331 927 3394 ratione
954 3330 1091 3395 derivata
1119 3334 1189 3399 sint.
1230 3337 1302 3402 nd-

192 3431 340 3514 Jeetivum
366 3421 537 3507 ἐναλίγκιος
562 3427 633 3510 isti,
670 3430 852 3509 quibuscum
879 3429 951 3492 mihi
979 3436 1134 3496 certamen
1162 3438 1227 3518 est,
1260 3455 1301 3502 err

194 3528 321 3602 λκελκιος
343 3531 443 3589 ortum
463 3524 571 3588 volunt
590 3527 717 3592 verbum
732 3523 845 3592 εἰκέναι
860 3528 992 3592 subesse
1005 3530 1073 3612 rati,
1096 3534 1184 3611 crp‘us
1197 3535 1301 3614 signi-

193 3630 296 3696 llcatio
325 3623 445 3708 quidem
474 3624 611 3706 perlecta
639 3627 780 3706 congruit
806 3625 862 3690 sed
890 3626 1301 3716 propositionibusque

193 3732 254 3794 boo
274 3725 469 3805 'subjunctum
485 3724 638 3803 reperitur
652 3740 752 3806 neque
765 3724 878 3799 εἴκελος
891 3723 1044 3806 huiusque
1057 3728 1174 3792 vicaria
1189 3727 1300 3814 ὅμοιος

186 3869 485 3890 -ι-Ι-“““-“-

259 3959 305 4027 11)
323 3955 494 4025 intraposita
510 3953 609 4025 πόρνοι
624 3957 687 4012 lies,
707 3957 815 4015 sortasse
828 3972 875 4027 pro
888 3959 1047 4028 σκαμβάδις
1060 3965 1206 4034 empcione,
1225 3972 1297 4038 quod

192 4050 233 4101 est
250 4043 414 4098 meretricum
435 4038 569 4107 epitheton
587 4042 613 4092 in
629 4041 714 4098 Plauti
729 4043 859 4097 versiculo
878 4043 905 4097 id
922 4045 1150 4113 estscauripedae
1165 4053 1227 4116 quia
1242 4067 1296 4120 pe.

192 4127 239 4182 des
257 4127 406 4190 divaricant,
425 4123 494 4177 unae
512 4128 641 4190 γυναῖκες
660 4125 793 4181 εἱλίποδες
809 4132 965 4180 vocantura
987 4131 1104 4183 comicis.
