2788 4994
178 290 229 355 nu
251 289 347 358 uon.
368 291 471 357 rmm
492 291 645 360 numm.
667 293 709 359 ru
729 279 930 370 orcum.
953 301 983 374 ς.
1000 299 1030 364 r.
1091 299 1163 370 aaa

13 467 95 524 tarr
121 475 141 522 a
162 457 268 522 latinis
288 475 317 521 v.
337 457 500 522 Burmann.
523 458 563 523 ad
583 459 674 524 huth.
695 460 762 525 Lat.
783 461 817 525 V.
837 477 867 526 n.
891 461 958 528 tlt.
979 481 1007 536 r.
1027 463 1062 530 h
1079 471 1110 530 et
1130 469 1159 534 7.

12 554 174 639 Ἐρμίας
194 555 520 621 eunuchihtarnensis
541 574 662 640 nomen,
684 559 733 622 cui
755 560 997 626 Choeroboscns
1019 563 1085 632 llll.
1107 563 1159 630 di-

12 657 241 740 phthongum
261 653 405 739 denegat,
427 657 458 719 in
478 656 537 720 line
558 674 669 720 versus
689 656 822 742 iambici,
844 676 933 740 quem
955 659 1067 724 Suidas
1089 664 1158 730 sh

12 775 66 821 v.
93 756 340 837 hipponaotenm
360 760 462 819 vocat.
497 755 572 819 Tum
594 772 633 819 err
654 755 735 819 aliini
756 773 870 837 genere
891 758 973 840 apud
992 759 1158 828 Homerum

12 861 150 938 ipsum
163 852 297 938 ’Ἄμφιος
315 847 491 936 ίννοθώρηξ
511 853 544 918 ll
559 853 595 918 ll.
610 853 680 920 830.
703 856 752 919 cni
764 857 935 937 proximum
951 865 999 922 est
1016 851 1156 942 Ἀμφιας.

13 956 277 1037 Diphthougum
299 970 372 1018 rcro
394 954 506 1016 sortita
526 958 598 1017 snut
619 954 744 1017 uomina
763 955 886 1034 generis
907 957 1046 1020 neutrius
1060 954 1158 1039 patei·

18 1075 112 1118 κεια
126 1053 259 1136 Oppian.
280 1052 346 1117 llal.
361 1052 382 1116 l.
397 1051 466 1116 683.
481 1068 537 1133 pro
558 1046 692 1133 μαίνίχια
712 1052 779 1116 sire
798 1047 954 1135 μαιάχεια,
978 1055 1060 1136 qnod
1081 1058 1156 1121 Sui-

20 1154 98 1217 das
124 1154 213 1217 affert
231 1147 363 1234 μαλάχια
381 1145 462 1225 τινὲς
481 1144 644 1232 pelopea,
667 1146 803 1232 σείάχεια
825 1151 904 1233 Opp.
926 1153 946 1218 1
968 1169 994 1218 c.
1011 1153 1080 1220 643.
1096 1175 1155 1240 pro

21 1247 182 1334 σελάχια,
201 1246 367 1333 σμύρναον
387 1249 453 1314 Nic.
470 1266 526 1331 pro
541 1251 692 1332 opvovlov
712 1249 786 1328 (nisi
799 1250 827 1314 is
842 1251 1154 1332 paraschematlsmus

24 1358 102 1434 est,
126 1351 166 1416 de
187 1369 249 1432 quo
269 1347 453 1430 supradixi)
475 1354 505 1410 et
519 1348 580 1411 alia
599 1347 787 1429 hujusmodi3
810 1349 979 1414 Columella
992 1351 1026 1415 X.
1038 1369 1066 1414 v.
1085 1351 1153 1419 104.

24 1453 218 1532 qloucenm
239 1447 365 1515 herbam
388 1445 489 1510 media
509 1446 602 1527 longa
623 1464 679 1528 pro
701 1443 868 1528 νίαύκιον,
898 1457 927 1513 σι
949 1449 996 1512 sic
1018 1451 1156 1516 sortasse

30 1550 209 1633 Oppianus
230 1549 284 1613 illo
306 1547 377 1611 loco
398 1561 463 1611 non
483 1547 604 1627 κυβείαν
623 1547 750 1627 scripsit
771 1546 827 1610 sed
848 1548 955 1629 κνβεια
976 1565 1033 1628 pro
1054 1544 1154 1632 κύβια

31 1656 75 1712 ιιι
103 1648 201 1728 uulgo
230 1655 387 1711 vocantur.
429 1646 474 1710 De
487 1645 622 1727 propriis
649 1645 783 1709 lerniniui
810 1647 933 1726 generis
965 1647 1065 1712 Θαλία
1092 1645 1155 1713 Θά-

31 1750 120 1824 λεια,
147 1739 264 1808 Θέσπια
288 1742 419 1810 Θέσπεια
439 1745 557 1810 dicetur
578 1760 615 1808 eo
639 1744 710 1806 loco
732 1744 784 1807 ubi
806 1745 1037 1810 terminationes
1059 1765 1154 1828 puras

35 1861 212 1926 exsequar.
240 1880 283 1890 —
307 1846 374 1909 lota
394 1845 466 1908 huic
492 1843 698 1908 terminationi
724 1850 876 1907 euentum
898 1859 970 1907 esse
992 1845 1075 1908 nnllo
1104 1852 1155 1912 sat

34 1951 134 2008 certo
159 1942 299 2024 exemplo
327 1943 453 2025 probari
478 1950 584 2025 potest
604 1942 666 2006 nisi
687 1943 841 2022 serpentis
869 1958 981 2006 nomen
1008 1937 1153 2026 ὁᾶργᾶς,

36 2043 103 2107 ταῦ
125 2036 222 2125 ἀργᾶ,
244 2041 327 2122 quod
348 2042 525 2123 plerumque
546 2037 643 2123 ἄρνας
663 2040 713 2103 vel
733 2032 830 2120 ἄρνάς
851 2040 1011 2124 scribitur,
1033 2059 1072 2106 ex
1093 2036 1154 2125 ἆρ-

37 2144 115 2227 γίας
142 2147 335 2206 contractum
363 2148 426 2220 est;
463 2141 620 2222 proprium
638 2132 747 2220 Ἀργᾶς
770 2139 844 2203 nibil
863 2140 968 2203 obstat
989 2143 1153 2222 quominus

40 2259 104 2326 pro
128 2235 254 2324 ’Λργέας
280 2239 457 2320 accipiatur.
497 2238 671 2316 Aeschylus
697 2239 803 2318 rigam.
833 2238 901 2303 115.
929 2240 1062 2320 aquilam
1088 2238 1153 2306 πύ-

37 2363 165 2428 γαργον
185 2339 344 2405 decentius
364 2337 552 2418 nuncuparit
573 2333 677 2412 ὲξααν
699 2330 824 2418 ἀργίαν,
846 2335 929 2418 quod
949 2339 1152 2418 Buttmaunus

39 2443 76 2506 in
98 2441 230 2506 Gramm.
253 2445 282 2512 §-
295 2437 345 2502 ll.
365 2435 444 2500 Adn.
458 2436 505 2501 15.
528 2442 558 2499 et
578 2435 784 2500 Blomlleldius
806 2429 901 2517 ἀργᾶς
921 2438 1016 2503 scribi
1034 2439 1153 2524 volunt,

43 2542 97 2605 hio
118 2538 259 2620 syuizesi
283 2536 437 2615 offensus,
466 2538 555 2615 cujus
585 2537 871 2617 praesentissimum
901 2543 950 2599 est
979 2539 1150 2619 exemplum

43 2634 158 2722 πηίιάς
178 2635 377 2717 bisyllabum‚
407 2638 438 2697 et
465 2633 565 2697 facilis
592 2635 673 2698 iuret
701 2636 827 2701 evitatio
851 2635 879 2699 si
904 2635 936 2698 iu
958 2636 1153 2718 antistropha

44 2737 234 2804 scriberetur
252 2723 372 2816 νραιας.
401 2734 455 2797 llle
477 2731 636 2798 dubitasse
656 2733 777 2798 ridetur
797 2750 836 2798 an
857 2727 965 2816 ἀργίας
984 2750 1040 2816 pro
1056 2728 1153 2818 ἀργός

46 2837 108 2902 dici
120 2851 183 2899 non
196 2834 316 2916 possit3
336 2832 449 2912 injuria
467 2831 587 2912 quidem
609 2838 643 2896 nt
664 2849 702 2896 ex
717 2831 884 2914 praedictis
897 2839 1033 2916 apparet
1063 2831 1152 2899 Πάπ-

45 2957 108 3010 aas
128 2950 248 3016 pappas
276 2938 307 2996 et
332 2931 470 3005 παιπίας
497 2930 611 2994 diversi
639 2937 711 2995 sunt
737 2931 833 2995 llexus
856 2931 993 3011 ejusdem
1014 2935 1150 3002 nominis

47 3030 186 3108 πάπποις
208 3031 331 3096 diversa
351 3029 475 3093 nomina
497 3023 620 3103 Κάίίας
643 3029 771 3094 blaceio
795 3036 826 3093 et
847 3030 1031 3111 Καίίίας,19
1050 3033 1150 3100 Pasas

49 3131 217 3199 'thessalus
247 3129 329 3194 Curt.
349 3127 386 3192 X.
409 3127 459 3211 27,
481 3126 508 3194 1.
538 3135 568 3194 et
592 3127 714 3203 Πασίας
732 3129 941 3209 Atheniensis,
961 3127 1075 3208 Ἅίκας
1094 3135 1151 3199 ln-

50 3249 109 3298 scr.
133 3229 237 3294 Noint.
266 3244 296 3293 n.
325 3225 401 3309 165,
427 3225 477 3290 50.
505 3233 535 3292 et
559 3220 680 3303 Ἀλκίας
703 3227 811 3292 Jambl.
839 3228 873 3292 V.
902 3228 934 3293 Ρ.
961 3230 1031 3296 524.
1061 3239 1091 3296 et
1118 3234 1151 3296 iu

50 3331 110 3394 alio
124 3343 236 3410 genere
254 3320 400 3410 Μνάσων
415 3327 580 3404 Μνασίων,
598 3322 746 3408 Ἀρίστσνν
762 3320 930 3409 Ἀριστίων,
951 3328 1062 3409 quibus
1083 3330 1151 3394 iota

49 3445 146 3510 neque
167 3424 301 3489 additum
320 3441 421 3506 neque
442 3430 593 3489 euentum
614 3442 686 3490 esse
707 3425 844 3492 dicimos.
878 3427 967 3492 Nunc
988 3433 1150 3508 transgre-

51 3526 115 3591 diar
135 3524 172 3590 ad
192 3523 333 3588 vocalem
353 3523 444 3604 hujus
467 3525 691 3589 terminationis
711 3523 896 3612 secundam.v

115 3708 156 3774 19)
178 3704 333 3762 blandosum
349 3703 440 3763 Κάλας
456 3705 556 3759 Arrian.
576 3704 597 3759 1.
617 3706 658 3772 tl,
675 3706 701 3761 t.
724 3709 837 3762 correxit
851 3706 1010 3773 llruegerue.
1045 3710 1148 3778 Κιρκας

55 3789 162 3846 (1ιάταῦ
178 3794 258 3841 πνεῖν
276 3788 329 3842 ἀπὸ
349 3788 397 3839 τοῦ
412 3791 544 3857 Κιρκαίαν
562 3787 668 3842 Aristol.
691 3787 724 3845 (lc
742 3789 817 3844 Veni.
836 3790 895 3846 97³.
916 3787 942 3842 b.
961 3787 1147 3861 1σιίιιεεσΚιρ-

56 3879 110 3934 νίας
123 3874 227 3940 scripsit
243 3877 271 3927 ut
288 3872 390 3939 ἄνεμος
406 3874 534 3930 Καννίας,
547 3868 685 3939 ἐκνεφίας,
705 3870 839 3939 sculptor,
853 3869 998 3938 ἐγννλπίας
1009 3872 1043 3928 tle
1057 3872 1146 3929 bland.

57 3975 78 4014 c.
96 3959 134 4014 lV.
158 3959 278 4026 γνσφίας
304 3961 331 4011 el
356 3955 468 4013 κσλπίας
490 3955 514 4009 1.
532 3952 597 4021 Lyn.
611 3953 657 4010 ⁴tle
674 3953 757 4010 Maus.
776 3953 819 4008 lv.
839 3953 882 4010 76.
906 3968 932 4022 p.
953 3954 1009 4011 121.
1028 3955 1104 4026 ὁρίας
1121 3965 1148 4014 et

57 4044 169 4112 ὀρεαιας
191 4037 287 4094 hohill.
314 4038 369 4094 lat.
388 4038 458 4107 lsag.
483 4039 509 4092 in
529 4037 601 4092 Arat.
627 4052 654 4106 p.
675 4038 731 4094 158.
751 4036 784 4091 cl.
809 4036 902 4090 Parall.
920 4037 981 4094 269.
999 4037 1148 4111 llesycblns

58 4129 154 4195 Θέρμης
172 4121 186 4176 ὁ
204 4125 304 4194 σιρονς
321 4124 419 4184 πνέων,
434 4136 489 4194 ¹nou
508 4122 548 4176 sic
564 4121 613 4178 sed
633 4123 749 4192 νερμίης
765 4121 904 4190 scripsisse
921 4121 1031 4180 uidetur.

86 4226 186 4276 Lobeek.
201 4224 336 4287 Palliolog.
900 4203 941 4270 32
