2768 4994
222 287 294 356 ffll
581 279 904 348 ntssnnrhtto
940 279 978 346 Χ.

222 447 369 526 meam
388 447 449 514 diei
469 447 635 531 potuerint.
677 445 827 528 llajorem
847 445 1005 528 pemewci
1025 446 1272 513 similitudinem
1291 449 1340 512 hr-

223 553 279 620 net
297 543 388 624 αδδς
407 543 522 630 ἔρχεται
541 545 655 611 Aescu
677 547 763 627 Sept.
786 545 856 611 itt.
877 544 962 628 quod
984 545 1090 610 Schol
1112 541 1230 628 αωρδν
1249 547 1341 612 unco

223 651 308 734 dicit,
332 648 460 714 imhrem
479 645 613 730 lapitmn
633 644 828 725 significans3
863 651 895 708 ct
915 640 1035 728 φυλλάς
1054 645 1111 710 nbi
1134 645 1178 710 de
1201 646 1340 710 fohorum

224 750 372 830 congerie
399 745 509 810 dieitur
535 751 570 808 nt
595 745 709 808 κάναίαι
735 739 771 807 ἐκ
791 738 950 826 φυλλάδος
969 743 1059 808 Diod.
1080 743 1166 809 XIX
1191 744 1245 810 22
1267 744 1341 827 μάν

224 847 297 932 δραι
317 841 476 928 αααγααωὶ
495 837 530 908 ἐκ
549 837 708 924 φυλλάδος
729 843 831 908 stralo.
851 843 928 908 xil
950 843 1021 908 773.
1048 841 1091 916 εἰς
1112 836 1179 924 τὴν
1201 840 1341 926 φυλλάδα
1379 841 1380 878 ¹

224 940 562 1028 homoeomerian.
584 941 648 1006 Cir.
669 941 691 1006 I
712 941 762 1006 62.
792 957 853 1006 nec
873 949 975 1006 tomen
994 950 1160 1025 repugnat,
1184 945 1342 1025 propriam

225 1046 359 1114 nominis
380 1040 632 1124 significationem
654 1055 726 1104 esse
748 1039 932 1120 adjectivum
948 1040 1079 1122 foliotc,
1100 1036 1235 1122 φυλλάς
1250 1038 1341 1126 λόχμη

223 1145 334 1214 Ioann.
353 1141 465 1224 Ecphr.
487 1137 522 1203 ll.
543 1137 613 1202 292.
634 1132 755 1220 φυλλὰς
775 1130 884 1221 ὀπώρη
904 1138 1005 1204 Νοαα.
1026 1138 1133 1204 XXVI
1157 1140 1236 1206 112.
1260 1143 1343 1206 acsi

225 1238 521 1320 insolentiorum,
543 1237 651 1300 reterri
672 1235 711 1301 ad
730 1237 890 1300 notionem
910 1236 1041 1302 stihadls
1062 1244 1117 1301 aut
1139 1238 1282 1304 alinsris
1303 1241 1343 1304 rei

225 1359 306 1427 qnae
326 1357 365 1405 cr
389 1337 471 1402 loliis
491 1341 623 1400 constat.
664 1335 797 1398 Maxima
817 1341 903 1400 certe
924 1351 997 1418 pars
1019 1335 1262 1402 denominativa
1284 1347 1342 1404 cst:
1380 1353 1381 1364 ³

224 1435 336 1520 omorio
362 1444 393 1501 ct
418 1430 532 1517 χαλκάς
562 1433 724 1498 herbarum
750 1435 891 1516 nomina,
925 1429 1049 1508 καανάς
1077 1434 1225 1500 oleaster
1255 1439 1342 1503 oleae

225 1539 351 1610 surculo
374 1537 526 1616 insertos,
559 1527 662 1610 σκιάς,
691 1527 809 1614 γενεάς
837 1532 871 1595 αἱ
895 1534 1006 1616 τρίχες,
1033 1528 1155 1614 γένειαν
1186 1529 1208 1598 ὁ
1236 1532 1340 1616 τόπος,

225 1653 399 1723 maronam
418 1631 492 1697 illud
512 1647 636 1713 quoque
655 1630 806 1695 interdum
833 1639 967 1695 mentum
993 1632 1093 1712 Ipsum
1120 1633 1287 1714 significat
1312 1645 1342 1702 ut

226 1747 258 1806 et
277 1733 351 1820 δέρη
372 1733 485 1798 collum
506 1738 537 1794 ct
557 1725 659 1810 δειράς
679 1729 770 1794 collis
790 1729 871 1794 inter
891 1745 927 1792 se
948 1736 1187 1796 commntantur.
1230 1732 1343 1810 Κυνάς

225 1855 302 1904 tero
322 1851 380 1917 per
407 1849 443 1896 se
460 1837 521 1894 tam
542 1827 689 1892 inlinitum
710 1835 759 1894 est
779 1845 870 1909 quam
887 1828 1008 1911 aweit,
1035 1832 1284 1914 sejunctumqne
1306 1835 1342 1898 alr

226 1937 295 2002 aliis
317 1931 422 2014 nequit
442 1927 592 2008 cognosci
613 1932 712 1990 utrum
732 1927 859 1991 horbam
879 1927 1030 2008 significet
1050 1943 1091 1991 an
1112 1945 1231 2009 ponem
1252 1935 1342 1996 cani-

227 2049 352 2102 caeeum
374 2046 413 2093 an
433 2026 512 2090 (licor
534 2025 737 2090 canicularem
759 2043 799 2090 an
820 2025 942 2107 pelam

309 2155 339 2224 ς.
361 2143 390 2210 5.
416 2143 472 2207 tus
494 2139 675 2224 praemissis
696 2139 780 2204 nulla
801 2146 850 2205 est
871 2140 1002 2222 amplios
1024 2157 1112 2204 mora
1134 2143 1213 2222 quin
1236 2145 1278 2210 ad
1293 2148 1341 2210 al*

226 2249 303 2315 ines
330 2240 561 2328 progrediamur
589 2240 830 2305 terminationes.
871 2241 917 2304 Ao
944 2242 1072 2322 primum
1094 2242 1227 2306 nomina
1247 2231 1341 2326 ina}

227 2349 266 2413 ab
286 2344 395 2411 iisdem
417 2342 481 2405 iere
502 2338 638 2402 lontibus
657 2339 820 2422 profluunt,
842 2357 922 2422 qnos
935 2355 1029 2421 supra
1042 2337 1340 2430 demonstravimus,

227 2445 283 2514 scol
303 2446 403 2511 minus
424 2441 524 2518 largc3
547 2455 565 2501 a
586 2438 747 2517 berytonis
768 2441 812 2520 (s.
834 2441 859 2504 1.
881 2439 1012 2520 l—III.)
1033 2437 1102 2514 οἴαξ
1120 2435 1262 2523 παρδτὸ
1283 2445 1339 2509 cic

226 2546 291 2611 Eli.
319 2538 436 2626 φλύαξ,
462 2533 592 2626 cnaei,
621 2536 764 2619 δαῶπαξ,
793 2535 1173 2620 numerorumorationis,
1203 2557 1339 2622 quorum

226 2650 385 2728 postrema
414 2637 555 2703 acerbis
582 2639 647 2700 suis
669 2636 807 2700 nonnihil
828 2637 1005 2718 discrepant
1032 2643 1083 2699 aut
1104 2638 1256 2702 antithesi
1278 2659 1339 2705 ro-

226 2743 302 2809 calis
325 2735 453 2824 (oeteo)
476 2745 528 2802 aut
547 2738 715 2801 mutatione
737 2750 895 2799 consonae
917 2735 1034 2816 (λάβω,
1053 2735 1175 2817 mec).
1220 2737 1252 2802 A
1274 2742 1338 2804 cir.

227 2841 396 2907 cumleris:
417 2836 510 2915 αῑδαξ
529 2855 548 2900 a
563 2835 666 2923 αιδᾷν,
677 2834 705 2874 ²⁸
716 2828 839 2915 ααὺφαξ
851 2833 926 2912 (nisi
934 2835 1136 2914 'paronymon
1153 2837 1219 2918 est)
1237 2837 1336 2923 οἲδαξ,

226 2937 321 3016 δόναξ
342 2956 360 3002 a
379 2933 477 3001 δονέω
502 2935 549 3018 (ul
569 2929 717 3018 ααμάααω
739 2949 855 3015 quasso
876 2927 989 3014 κᾶμαξ)
1017 2931 1144 3010 cavoa&
1166 2928 1185 2998 ὁ
1207 2930 1336 3023 εὐκίνη-

224 3061 278 3114 τος
302 3037 376 3104 Iles.
405 3054 423 3101 a
450 3031 541 3099 κινέω
563 3035 698 3098 loriasse
719 3040 752 3097 nt
772 3029 879 3109 ακίναξ
897 3030 997 3114 lepus.
1009 3031 1036 3074 ¹⁹
1070 3033 1099 3096 Α
1119 3036 1334 3102 numeralibus

225 3199 515 3216 ,,,-.-.,.-...-

225 3291 378 3349 τεδνεῶτας
394 3273 539 3360 pleonasmi
555 3287 673 3357 speeiem
691 3286 843 3354 eximerent,
860 3283 972 3354 νεκρούς
986 3299 1035 3354 pro
1052 3285 1130 3348 νέους
1142 3291 1273 3360 positum·
1283 3307 1330 3348 au.

227 3376 358 3435 tumebant
376 3389 400 3428 v.
419 3373 506 3427 Schol.
526 3371 557 3425 Α.
578 3371 610 3425 ad
630 3371 660 3425 ll.
679 3367 769 3423 XVIII.
791 3369 849 3424 510.
869 3365 1043 3422 Callimachus
1072 3368 1187 3426 sortasse
1212 3388 1269 3429 non
1292 3393 1328 3428 νε·

227 3460 315 3519 παῖδας
341 3458 446 3513 ordines
473 3456 581 3509 millium
602 3453 666 3507 dixit
691 3451 740 3506 sed
762 3449 882 3509 δεκάδας
906 3457 935 3507 ut
955 3451 1017 3507 Eur,
1037 3451 1128 3521 Suppl.
1151 3453 1216 3510 219,
1238 3447 1271 3521 ἧς
1287 3459 1329 3510 „at

228 3545 260 3598 σὺ
279 3547 363 3614 φαίνῃ
381 3539 506 3598 δεκάδος.
543 3540 572 3592 ln
589 3537 645 3592 lull.
663 3536 722 3592 254.
741 3532 861 3591 δεκάδας
877 3534 939 3592 τούς
954 3537 1001 3600 τῆς
1015 3535 1097 3599 αὐτῆς
1120 3534 1246 3598 δεκάδος
1269 3541 1325 3609 syl.

226 3630 333 3696 hnrgins
359 3623 485 3681 δεκαδεϊς
511 3622 658 3678 leonnales
684 3621 786 3687 reponit
813 3632 829 3674 e
853 3617 970 3687 Xenoph.
998 3618 1056 3688 Cyr.
1081 3619 1115 3674 ll.
1134 3619 1167 3685 3,
1191 3622 1235 3676 t'i.
1262 3624 1324 3692 (30.)

225 3713 270 3768 ahl
287 3711 346 3766 libri
364 3709 520 3776 discrepant,
538 3705 586 3762 sed
604 3717 637 3759 ex
656 3703 724 3756 Vlll.
745 3703 768 3768 l,
791 3702 831 3758 ll.
850 3700 1021 3773 δεκάδαρχοι
1042 3700 1096 3770 μὲν
1119 3701 1257 3757 δεκάδων
1275 3707 1323 3760 loa·

225 3797 363 3865 μέλονται,
381 3793 497 3861 λοχαγοὶ
514 3789 544 3842 δὲ
561 3784 746 3855 δεκαδάρχων
762 3788 871 3853 apparet
888 3782 1007 3844 δεκάδας
1024 3784 1075 3840 dici
1094 3783 1156 3842 ταδς
1173 3787 1224 3850 τῆς
1248 3789 1322 3842 δεχά.

226 3880 281 3938 δας,
300 3879 426 3930 conticetis
441 3893 489 3946 pro
506 3877 627 3925 conlectio.
661 3868 781 3924 Celerum
799 3883 886 3937 neque
903 3866 1035 3925 δεκαδεύς
1052 3867 1114 3922 alibi
1133 3872 1225 3936 reperi
1240 3887 1325 3942 neque

225 3963 309 4018 slrrrile
328 3959 389 4029 quill
406 3954 569 4028 τριακαδειῗς
584 3955 628 4010 vel
645 3950 840 4009 ἐκατανταδεδς
857 3957 908 4008 ele.

290 4043 336 4112 te]
352 4041 459 4098 Aristot.
478 4041 587 4097 lleieor.
605 4038 627 4093 l.
648 4037 688 4092 13.
705 4049 731 4102 n.
749 4035 807 4100 349,
825 4034 867 4090 ot.
886 4041 914 4091 et
929 4037 956 4088 in
975 4034 1053 4089 codol.
1071 4049 1098 4103 p.
1116 4035 1176 4100 350,
1195 4037 1221 4092 9.

291 4128 335 4196 19)
352 4127 375 4180 Α
391 4123 455 4192 μαῖαν
472 4123 606 4192 μααῶμαι
622 4117 732 4188 μάσταξ
750 4119 902 4186 interposita
923 4117 1023 4174 danieli
1044 4123 1073 4172 ut
1100 4133 1115 4174 tt
1137 4119 1216 4172 κνάω
1242 4121 1315 4188 (κνά-
