2758 4994
222 265 333 334 21⁰.
438 289 441 296 ⁴
578 256 901 328 uissusuaslo
927 257 976 324 lv.

227 429 291 498 Saul
307 423 484 514 Ἀμελῖνος
502 427 691 509 gentilicium
710 431 745 490 ut
764 423 990 506 significatione
1003 425 1047 490 ita
1063 434 1195 492 accentu
1218 425 1341 492 distin-

224 531 329 612 guitur
350 529 389 594 ab
410 527 565 610 allectiva
586 525 820 608 metusiastico‚
848 516 1029 607 ’Λμοογῖννς
1048 526 1087 590 ab
1109 520 1292 610 ἅμόργωος
1312 547 1340 590 v.

227 629 373 696 Baroluer.
394 626 435 692 ati
454 626 520 692 su.
536 623 606 690 7³2.
622 630 653 688 et
668 624 808 690 similiter
819 624 1008 706 appellativa
1022 629 1212 708 σταφυλῖνος
1222 631 1342 708 pasti-

229 745 349 794 uuccus
371 725 474 790 Gloss.
497 718 734 804 νστνφύλινος,
754 726 920 804 κορακῖνος
942 729 973 790 et
985 727 1143 807 proprium
1158 727 1342 790 Coracinus

230 828 361 894 llattial.
384 825 432 890 ll
452 823 502 888 55.
535 816 746 903 νκοοάνινος
776 823 949 890 coracinus.
1000 825 1064 890 Sed
1091 825 1175 890 uuila
1203 833 1262 888 est
1293 824 1343 888 di·

228 927 355 992 stiuctio
377 920 633 1005 appellativorum
654 928 687 986 et
706 923 919 1004 propriorum
938 939 1009 986 uam
1031 926 1202 1004 Kallato'vog
1225 943 1259 987 v.
1276 923 1343 987 Co·

230 1041 303 1090 raes
326 1023 365 1088 ad
385 1021 462 1086 l'lut.
485 1020 518 1084 Τ.
538 1019 586 1084 lv.
607 1019 677 1085 tls.
699 1019 852 1085 Muctuell.
872 1019 913 1084 aul
934 1021 1086 1088 Curt..lll.
1108 1023 1158 1106 26,
1178 1025 1233 1090 17.
1259 1025 1342 1086 Μν-

230 1129 318 1206 οῖνος
337 1140 366 1185 v.
382 1119 507 1184 Jacobs.
526 1117 623 1184 Catal.
643 1119 743 1186 Poott.
763 1119 833 1186 919.
862 1112 1031 1202 Ἐννθῑνοι
1051 1118 1192 1186 castate
1224 1121 1262 1187 ot
1281 1122 1344 1186 νῦν

229 1217 411 1306 ῗΕροθοῐνοι
428 1209 492 1280 ἀπὸ
512 1217 568 1300 τῆς
587 1212 682 1299 χρόας
701 1218 805 1284 Strab.
827 1218 998 1284 homotona
1018 1228 1091 1285 suut
1111 1222 1250 1303 piscium
1280 1237 1342 1284 vo·

232 1321 353 1388 tabulis
374 1332 547 1397 nomenque
566 1321 723 1399 νοσεοῑνος
743 1333 807 1380 uou
826 1317 928 1382 solum
956 1319 1072 1399 piscem
1096 1319 1257 1400 siguificat
1286 1315 1342 1384 sel

232 1422 327 1488 etiam
347 1419 445 1482 virum
465 1421 497 1478 et
518 1414 679 1480 Costrirae
699 1415 841 1482 iaculum.

316 1523 347 1592 ς.
369 1515 399 1582 l.
441 1513 544 1578 Tertio
567 1513 639 1580 loco
662 1514 884 1580 Grammaticus
905 1514 958 1580 ille
978 1525 1196 1582 commorat
1218 1511 1342 1583 ὕπνοιο

236 1610 356 1700 οωτικά
376 1603 447 1676 οἷον
470 1613 605 1686 Φιλῖνος·
626 1614 765 1697 σημαίνει
782 1609 817 1677 tt
837 1607 1220 1697 complicantium
1243 1610 1340 1680 saul

234 1712 400 1796 aestuaria.
443 1710 483 1776 Et
503 1711 654 1778 Arcadius
666 1715 789 1794 quoque
808 1719 941 1794 quatuor
953 1730 1108 1799 generum,
1129 1717 1247 1797 quitus
1259 1717 1341 1779 hauc

236 1815 376 1894 assignat
398 1809 650 1894 imminutionem,
671 1813 808 1876 ultimum
822 1813 895 1876 iacit
907 1810 1139 1878 deminutivum:
1160 1809 1199 1878 τὰ
1211 1799 1340 1892 οἰςῖν-ος

236 1909 272 1979 τὸ
294 1914 311 1975 ι’
330 1903 452 1994 μακρὸν
471 1903 580 1990 l'xomu
599 1905 702 1992 κύριν,
731 1907 886 1994 ἐθνικὰῆ
911 1907 1066 1976 basilam&
1086 1909 1108 1996 ἢ
1135 1908 1340 1998 ὑποκοριστι-

236 2013 303 2079 suiv
321 2005 447 2074 ἔννοιαν
466 2002 575 2089 ἔχοντα
594 2009 859 2090 apocopoumuivrm
882 2011 1019 2090 φιλῖνος,
1047 2015 1207 2093 νρονῖνος,
1233 2013 1338 2098 ἐχῖνος

238 2106 276 2178 τὸ
295 2103 453 2188 scriptos,18
472 2108 641 2186 λεοντῖνος,
662 2105 801 2190 ῥηγῖνος·
828 2102 865 2172 τὸ
885 2103 919 2172 δὲ
945 2106 1071 2190 umoris
1097 2105 1258 2194 ὀξύνεται,
1288 2120 1338 2175 ta-

238 2213 360 2290 citoquo
388 2206 577 2285 assiguiicut
606 2207 822 2288 Thecguostus
851 2225 881 2289 p.
901 2207 951 2292 67,
972 2209 1021 2274 32.
1041 2205 1081 2274 τὰ
1106 2210 1157 2276 διὰ
1182 2217 1244 2278 τοῦ
1263 2197 1337 2297 poor

237 2303 279 2394 μὴ
300 2304 377 2372 &ow
395 2301 630 2388 merovaeorum&
646 2301 721 2389 μήτε
739 2299 961 2388 ὑποκοριστικὰ
974 2303 1025 2371 διὰ
1044 2309 1102 2373 τοῦ
1117 2307 1334 2396 ῆνράφωννοι,

234 2403 396 2491 iaromir
416 2401 516 2488 ὄνομα
535 2406 685 2488 ποταμοῦ,
707 2400 833 2486 Εὔηνός
854 2412 912 2472 cto.
953 2407 1016 2474 sai
1040 2409 1252 2492 hypocorismi
1280 2427 1336 2474 eu-

239 2509 371 2590 emplum
393 2512 454 2570 tam
475 2504 590 2568 clarum
612 2512 704 2586 atquo
725 2521 906 2586 expressum
926 2525 1017 2589 quam
1038 2517 1110 2574 suut
1128 2509 1234 2574 italica
1260 2509 1335 2590 sar-

238 2608 363 2690 sollth
385 2606 562 2684 vopozuiuc
584 2609 642 2668 etc.
662 2603 784 2668 illorum
800 2620 889 2668 uemo
904 2607 1031 2686 prolort.
1076 2609 1201 2682 Φιλῖνος
1214 2607 1334 2690 quitlcm

238 2709 271 2771 iu
292 2705 412 2770 luobus
434 2703 589 2768 Theocriti
609 2702 688 2768 locis
709 2707 758 2766 est
776 2703 868 2766 amati
897 2719 1009 2768 uomcu
1037 2705 1093 2770 setl
1119 2710 1278 2788 proprium
1303 2709 1334 2766 ut

240 2821 280 2870 cu
298 2803 401 2869 multis
422 2807 552 2882 apparet
572 2799 651 2866 aliis.
690 2802 736 2866 De
756 2803 943 2876 canonicos
961 2803 1046 2884 quod
1067 2808 1205 2887 sequitur
1224 2809 1259 2870 iu
1271 2803 1331 2872 lili.

240 2919 351 2970 vereor
371 2917 412 2966 ue
429 2917 495 2964 uou
509 2916 567 2963 suo
581 2899 653 2964 locu
676 2901 811 2980 positum
833 2902 874 2965 sit
896 2901 952 2966 sod
973 2904 1154 2970 translatum
1173 2923 1213 2970 ex
1226 2905 1333 2987 prori-

239 3004 312 3068 mis:
339 3001 438 3066 νοῦτοι
468 2993 502 3062 δὲ
523 2997 551 3062 εἰ
571 2991 633 3062 ἀπὸ
660 2992 813 3082 ὀνόματος
838 3003 1056 3085 παραχθῶσιν,
1082 2997 1186 3086 ἢᾶπὸ
1212 2999 1332 3073 εὐθείας

240 3094 344 3184 ἢᾶπὸ
363 3098 484 3182 φονικῆς
503 3093 711 3180 meorumue,
732 3099 836 3182 φίλος,
863 3105 1000 3185 spoliatos,
1027 3096 1148 3186 ἀγαθός
1173 3096 1329 3184 drusiam,

239 3199 293 3264 ubi
314 3215 405 3279 quum
426 3196 506 3262 desit
527 3198 697 3279 exercplum
716 3199 861 3264 vocabuli
882 3217 900 3263 a
921 3203 1055 3281 genitivo
1074 3205 1215 3286 proiecti,
1236 3205 1331 3266 iuter-

241 3296 414 3380 poueuium
436 3302 485 3360 est
506 3288 568 3359 οόοὸ
591 3299 645 3379 τῆς
665 3293 820 3372 soltanus
839 3301 1044 3379 πολλοκῖνος,
1066 3301 1149 3382 quod
1170 3303 1238 3366 sive
1259 3315 1331 3382 spu-

239 3398 317 3462 rium
338 3395 489 3476 siguificat
509 3397 575 3460 sivo
596 3398 735 3479 tironem,
746 3398 774 3440 ¹⁹
794 3415 813 3461 a
833 3397 1008 3464 deminutivi
1021 3401 1245 3482 siguificatioao
1265 3408 1330 3463 tau-

240 3495 363 3562 tuudem
385 3494 483 3560 abest.
523 3493 632 3576 Neque
652 3496 816 3578 quidquam
836 3498 896 3564 lvuc
917 3501 1049 3580 pertinet
1071 3504 1264 3582 Ζωνννρῑνος,
1284 3495 1329 3560 cui

308 3761 352 3828 18)
371 3759 428 3814 Nou
446 3759 522 3814 aliter
546 3759 666 3814 scribitur
690 3761 873 3829 appellativum
897 3769 924 3819 et
950 3779 1044 3820 nomeu
1070 3765 1159 3831 urlvis,
1182 3768 1328 3831 omninoque

241 3848 303 3902 illae
321 3843 526 3910 subscriptiones
545 3840 575 3894 τὸ
593 3840 696 3913 κύριον,
711 3845 802 3912 ὄνομα
820 3843 923 3905 πόλεως
941 3853 994 3904 etc.
1014 3849 1082 3918 apud
1098 3849 1248 3917 Amulium,
1264 3847 1328 3902 The.

242 3933 379 3996 oqacstum
396 3933 423 3982 et
439 3930 544 3981 ceteros
561 3939 642 3994 saepe
658 3943 749 3996 parum
767 3935 912 3998 opportuno
929 3931 989 3986 loco
1005 3935 1178 4001 reperiamur.

307 4011 354 4078 19)
377 4009 532 4069 metanoea
557 4009 763 4082 πολεμιστήριος
779 4013 892 4082 llesvolr.
915 4014 1078 4084 οολλικοὶριο
1102 4017 1201 4073 milites
1222 4017 1326 4075 ‘melito

241 4109 310 4164 quae
328 4093 430 4161 dicitur,
449 4092 603 4148 Graecitatis
620 4107 644 4146 v.
665 4093 705 4148 llu
724 4094 804 4165 Caug.
823 4097 849 4152 lv.
866 4113 891 4154 v.
911 4103 938 4156 et
956 4098 1085 4168 Aglaoplr.
1103 4100 1179 4158 isus
1200 4099 1265 4154 Alm
