2758 4994
219 277 288 350 9116
564 273 891 346 DISSERTATIO
919 275 968 343 rt.

222 453 253 511 ot
275 461 314 511 en
335 447 397 512 olio
418 455 532 528 genero
559 442 666 530 οὔριος
686 439 828 526 odoacer,
857 439 989 525 ὄρφνιος
1013 435 1163 524 ὄρφνινος
1182 447 1223 508 ot
1247 438 1344 525 ὄρφο-

221 565 286 624 νος,
306 547 338 610 in
359 546 470 630 quibos
491 540 561 610 libri
583 545 704 608 vomant
724 545 854 610 Aristot.
876 543 915 609 de
932 541 1035 608 Color.
1048 543 1085 606 V.
1101 540 1172 624 ret,
1189 539 1250 608 19.
1274 540 1345 604 Acin

223 640 287 710 xli.
309 643 379 712 535.
400 645 432 710 F.
453 650 485 708 et
499 643 579 727 apud
602 643 731 708 eundem
752 643 926 726 φοινίανος
946 635 1059 724 (οἶνος)
1080 647 1111 706 et
1127 640 1302 723 φοινίκιος
1319 655 1346 700 u.

223 743 354 809 iieineln
374 741 442 808 Vol.
463 741 513 808 lii.
534 741 605 809 328.
632 737 767 826 χιόνινος
788 749 820 807 ot
839 735 955 826 ριόνιας
972 739 1022 806 ΙΧ.
1046 739 1116 806 375.
1134 739 1170 806 D.
1188 757 1259 822 pro
1285 757 1347 822 quo

223 837 342 926 χιόνεος
361 841 421 908 dici
442 841 572 906 solet¹⁸
602 841 660 906 Hic
680 841 765 906 nulla
788 841 939 922 contingit
960 841 1081 905 affectio
1104 839 1161 905 sed
1181 841 1349 904 termina-

225 942 342 1008 tionum
370 941 468 1006 libera
495 939 585 1006 ilento
615 946 650 1004 nt
671 933 872 1024 ἀνθρώπινος
897 934 1099 1020 ἀνθραααός
1124 931 1348 1021 ἀνθρώπειος,

225 1033 407 1124 ὀστράκινος
427 1032 600 1121 ὀστρακοῦς
627 1033 833 1122 ὀατρακηρός,
861 1057 941 1122 quac
965 1037 1159 1104 Grammatioi
1181 1037 1349 1101 adnotare

225 1138 330 1205 solent
357 1137 414 1204 sed
442 1138 482 1201 ob
512 1135 603 1202 oliam
632 1153 772 1204 causam:
800 1132 980 1222 ἀνθρωπεία
999 1135 1104 1221 φύσις,
1127 1130 1188 1200 οὐκ
1210 1123 1350 1216 ἄνθρα-

225 1237 300 1322 etue
321 1237 427 1304 Thom.
448 1231 612 1320 κεράρανος
637 1229 707 1302 ἀντὶ
732 1237 791 1302 τοῦ
818 1239 987 1324 κεραμεοῦς
1005 1231 1175 1320 Ἡρόδοτος
1205 1236 1348 1300 Antiatt.

226 1335 321 1403 Boin.
337 1335 405 1402 102.
425 1337 597 1418 κεραμεοῦν
616 1330 751 1415 circada,
774 1331 959 1419 ὀσοράαινον
979 1331 1140 1421 onmem
1158 1334 1268 1399 Moer.
1287 1349 1349 1397 no-

227 1453 288 1518 que
312 1435 356 1500 ilii
381 1429 564 1518 χρύιιινος19
589 1435 778 1501 admiserunt
804 1437 854 1502 vet
876 1425 1043 1522 ἂργόρινος
1069 1436 1119 1500 uel
1137 1429 1297 1517 χάλκινος
1318 1450 1346 1496 u.

225 1533 300 1600 Has.
321 1532 361 1600 ad
381 1535 475 1600 Leon.
496 1550 525 1615 p.
546 1533 616 1599 404.
637 1551 707 1598 nam
720 1528 937 1618 ὀρειχὰλιανος,
960 1552 1020 1617 quo
1035 1534 1123 1598 Plato
1146 1535 1261 1618 utitur,
1284 1549 1349 1614 pa-

226 1633 432 1714 rasyntheton
453 1641 501 1700 est
514 1639 548 1697 ut
561 1626 743 1716 ὥμοβόϊνος,
766 1634 805 1700 ad
825 1634 962 1699 ultimum
982 1631 1150 1718 condideris
1159 1631 1346 1696 Pherecra-

228 1739 288 1797 tem
310 1739 467 1798 auctorem
488 1731 591 1811 habet,
612 1728 798 1815 μολύβδιννς
817 1733 1018 1798 Aristotelem
1041 1751 1070 1798 r.
1087 1732 1126 1796 ad
1138 1731 1258 1812 Phryn.
1275 1728 1345 1795 148.

228 1831 390 1913 Singulare
412 1847 589 1915 paragogae
611 1832 782 1914 exemplum
804 1839 852 1897 est
870 1827 1026 1915 μηλινόεις
1045 1829 1192 1896 Nicandri
1206 1845 1271 1911 pro
1287 1823 1345 1912 μή·

226 1931 321 2008 λινος,
331 1931 360 1970 ²⁰
388 1947 459 1996 nam
486 1924 626 2014 Ἐχινοῦς
653 1939 684 1997 et
712 1927 902 2012 Μυρρινοῦς
930 1930 1173 1996 asuhstantiris
1196 1929 1345 1994 derivato

226 2037 310 2114 runt,
332 2026 475 2112 αἱγινόεις
496 2036 526 2095 et
553 2024 702 2114 ἀγχινόιις
723 2038 880 2112 suspecta
921 2031 1032 2094 Verum
1052 2029 1106 2093 illa
1123 2032 1189 2109 jam
1212 2028 1342 2093 affectio

228 2127 288 2193 dici
314 2135 421 2211 potest
449 2130 477 2194 si
505 2135 617 2210 poetae
645 2129 805 2212 adjectivis
833 2129 1060 2212 materialibus,
1089 2144 1220 2211 quorum
1245 2132 1342 2192 ante-

228 2229 397 2312 penultima
409 2229 512 2311 longa,
534 2227 656 2309 epsiion
670 2229 824 2294 inserunt:
846 2225 988 2306 ἐλαΐνοις,
1010 2226 1147 2310 tretecor,
1168 2226 1339 2309 κεδρίνοις,
1375 2297 1376 2300 ¹

228 2325 394 2408 λυγδίνεος,
415 2326 544 2404 λαΐνεος,
565 2327 748 2409 μυρικίνεος,
769 2326 919 2407 πυξίνεος,
940 2326 1100 2414 φηγίνεος,
1123 2344 1221 2408 quare
1244 2327 1339 2392 etiam

228 2443 286 2508 pro
308 2421 509 2509 ἐλοφανιίοην
530 2425 650 2491 Coluth.
669 2427 741 2494 314.
763 2426 1009 2492 substituendum
1032 2432 1082 2490 est
1108 2419 1338 2507 ἐλοφανιινὲην,

229 2541 290 2606 quo
310 2525 404 2589 utitur
425 2529 519 2606 poeta
539 2524 572 2588 in
591 2524 683 2589 Anth.
702 2527 782 2610 App.
804 2543 834 2590 n.
856 2524 926 2591 209.
975 2522 1212 2589 Eodem'modo
1235 2517 1338 2590 Latini

228 2622 382 2688 vocabula
401 2623 455 2686 ille
475 2631 588 2704 augent
603 2640 666 2689 non
680 2626 781 2690 solum
796 2641 875 2709 quae
888 2623 1047 2688 materiam
1059 2623 1235 2704 significant
1248 2623 1338 2688 abie-

229 2721 348 2806 gineus,
369 2723 546 2805 coccineus,
568 2723 718 2804 fagineus,
740 2723 928 2807 oleagineos,
954 2720 1199 2804 smaragdineus,
1221 2720 1338 2800 tiliagi-
1374 2779 1375 2796 2

229 2839 316 2904 neus,
338 2820 395 2886 sed
418 2822 510 2886 etiam
531 2838 610 2903 quae
632 2821 769 2888 colorem
790 2823 940 2905 albineus,
962 2820 1142 2902 caligineus,
1163 2819 1336 2902 galbineus,

229 2920 391 2986 lactineus.
433 2919 496 2986 Sed
517 2919 616 2985 differt
636 2919 719 3002 quod
740 2921 818 2985 haec
839 2919 992 2986 sermonis
1016 2923 1088 2984 sunt
1110 2911 1257 3003 propria,
1285 2915 1335 2981 ilia
1374 2971 1375 3018 1

1374 3023 1375 3070 i

299 3203 343 3270 18]
360 3201 476 3255 neree
491 3201 521 3254 τὸ
540 3199 669 3254 πελιδνόν
692 3199 793 3257 Auecd.
812 3193 896 3258 cern.
922 3199 980 3258 293.
1005 3197 1111 3253 forsitan
1130 3203 1282 3268 corruptum
1304 3211 1334 3252 en

230 3280 338 3345 πολιόν,
363 3287 449 3343 simite
466 3289 552 3340 tamen
576 3283 700 3339 Nicandri
716 3284 797 3340 verbo
816 3281 946 3354 ἐχιναῖος.
980 3278 1029 3337 Pro
1054 3279 1171 3335 docerer
1192 3281 1335 3352 πρόςωπον

230 3371 257 3423 tn
276 3367 377 3437 Fragm.
396 3369 468 3424 Com.
486 3369 515 3424 T.
533 3367 567 3423 11.
587 3369 645 3425 663.
663 3383 689 3422 n.
708 3367 751 3423 IX.
769 3367 935 3424 scribendum
953 3371 995 3424 est
1017 3363 1166 3425 doceam,
1195 3376 1248 3422 uec
1265 3365 1331 3423 exii.

231 3453 373 3509 westenda
393 3452 531 3522 epallelia;
550 3467 609 3506 nam
627 3453 722 3506 dicitnr
739 3451 893 3520 βαλάνινος,
912 3453 1041 3520 oliverus,
1059 3451 1190 3521 πρίνινας.

299 3545 343 3612 19]
363 3545 462 3604 Ἄνθος
477 3571 509 3582 -
533 3544 580 3595 καὶ
601 3541 716 3602 &nirves
738 3540 773 3602 ὡς
795 3539 932 3613 χρύσινας·
959 3539 1027 3594 ἀλλὰ
1045 3536 1075 3592 τὸ
1092 3538 1147 3608 μὲν
1167 3542 1292 3603 ἄνθινας,
1310 3539 1333 3592 εἰ

230 3625 269 3697 μὴ
286 3629 422 3697 στέφανος
436 3631 605 3700 προςκεῒται,
625 3626 715 3684 ἀτελές
732 3623 796 3686 ἔστι,
815 3623 845 3678 τὸ
863 3623 893 3678 δὲ
910 3623 1039 3695 χρύσινος
1056 3619 1146 3692 μόνον
1168 3621 1214 3678 ἀεὶ
1230 3623 1333 3695 λέγεται

232 3711 279 3766 καὶ
296 3709 378 3776 δηλοῖ
391 3710 515 3780 νόμισμα
532 3707 667 3778 Mosohop.
688 3709 757 3764 Diot.
778 3709 830 3764 nrt

297 3803 343 3870 20)
358 3800 495 3871 Ἰχαύϊιος
514 3805 541 3858 et
558 3798 679 3859 παύϊιος
696 3814 748 3857 non
765 3799 903 3855 admodum
920 3799 1108 3866 antiquarunt,
1125 3795 1269 3868 βοτρῦινος
1286 3809 1331 3855 non

231 3889 361 3955 reperitur
383 3885 464 3941 hodie
487 3884 535 3942 sed
558 3883 656 3939 Suidds
682 3881 789 3954 Βότρυν
811 3882 860 3947 τὴν
877 3880 1008 3954 percutior
1023 3880 1152 3952 ὀπώραν,
1178 3883 1249 3952 quod
1278 3887 1331 3940 sine

232 3970 347 4026 diaecesi
371 3969 538 4025 scribendum
563 3967 667 4023 videtur
698 3974 727 4023 ut
750 3965 860 4032 ιὴονιις
889 3972 940 4024 etc.
983 3965 1031 4021 Pro
1056 3963 1201 4035 Μαχλνΐνη
1228 3967 1329 4022 Luciam

230 4051 322 4106 Toxar.
341 4053 367 4116 §.
386 4051 428 4109 11.
448 4057 521 4110 recte
538 4066 607 4105 nuuc
623 4052 744 4107 scribitur
757 4049 908 4121 Μαχλαηνή
924 4055 984 4119 typo
1001 4049 1146 4117 anatolico;
1163 4063 1262 4118 graeco
1274 4067 1329 4108 ma·

230 4136 272 4203 gis
290 4137 463 4203 Λιβνατῖνας,
481 4139 648 4205 Λιγνστΐνος.
