2758 4994
511 989 620 1056 cnP.
655 989 680 1055 l.

153 1271 155 1278 Ι
222 1181 279 1248 De
303 1178 502 1248 nominibus
526 1181 564 1248 ιἰι
591 1202 710 1278 -γ-
747 1181 967 1250 exeuntibus.

124 1447 159 1516 §.
185 1443 211 1506 1.
249 1439 335 1504 Unde
357 1442 527 1521 superioris
549 1440 767 1522 disputationis
787 1441 904 1504 initium
926 1439 1075 1524 duximus,
1095 1441 1147 1505 in-

36 1537 145 1603 didem
174 1555 255 1601 nunc
282 1540 526 1622 proficiscemur,
561 1541 599 1604 ab
626 1541 823 1603 imitamentis
845 1555 992 1603 sonorum
1012 1534 1149 1626 κάραγος

36 1635 154 1720 ψόφος
172 1633 312 1718 πριόνων
336 1637 407 1702 HeS.
429 1634 570 1720 ῥάθαγος
590 1632 608 1702 ό
628 1641 692 1700 τῶν
712 1632 858 1719 κυμάτων
878 1627 952 1720 ἦχος
972 1659 1148 1720 προςηγνυ-

37 1731 149 1818 μένων
168 1741 235 1811 ταῖς
255 1731 377 1821 πέτραις
399 1737 501 1802 Sohcl.
522 1736 588 1801 Nie.
612 1737 664 1801 Th.
689 1734 756 1801 tet.
780 1735 859 1800 unde
879 1735 1146 1818 νσιόσραθαγεῖν,

40 1827 255 1916 άῤῥαθαγεῖν,
277 1837 448 1920 βραταγεῑν,
470 1835 581 1916 quihus
602 1829 701 1916 ῥόθος
716 1840 746 1898 et
760 1829 874 1915 ῥόθιον
888 1839 1068 1918 concinunt;
1088 1834 1150 1900 πά·

39 1955 155 2016 σάγος,
184 1927 304 2016 πατάγη
333 1940 363 1997 et
389 1928 536 1997 πατάσσω
560 1933 696 1997 amate
718 1940 935 2014 propagatum
976 1951 995 1997 a
1021 1930 1149 2016 πλήσσω

41 2028 202 2114 πλαιάγη,
240 2034 288 2096 oui
310 2031 477 2096 adhaerent
501 2027 660 2114 πλαταγέισ
681 2034 850 2114 πλατυγίζω
873 2030 1014 2112 (plaudo)
1036 2050 1055 2094 a
1075 2027 1149 2114 ῥήσ

42 2147 98 2211 σω,
122 2139 161 2196 ut
182 2130 315 2215 videtur,
342 2127 503 2214 σφάραγος
530 2132 662 2213 (fragor)
688 2126 794 2215 ψόφος
813 2130 885 2194 Hes.
915 2147 953 2192 ox
980 2147 1041 2210 quo
1062 2130 1149 2196 lovis

42 2230 244 2313 Neptunique
278 2233 461 2312 cognomina
492 2225 733 2313 βαρυσφάραγος
765 2236 795 2294 et
823 2223 1029 2311 ἐρισφάραγος
1056 2235 1149 2309 atque

43 2331 146 2394 verba
166 2334 353 2412 σφαραγεῑν,
375 2331 578 2413 σφαραγάζειν.
615 2331 648 2395 Si
669 2346 745 2394 uero
767 2335 871 2410 guttur
893 2325 1003 2390 dicitur
1024 2322 1149 2410 σφάρα-

44 2451 98 2510 γος
119 2429 173 2492 vel
194 2435 228 2492 ut
248 2441 329 2492 nuno
350 2429 431 2509 apud
446 2429 609 2494 Homerum
626 2429 771 2493 scribitur
790 2419 971 2508 ἀσφάραγος
992 2432 1023 2489 et
1042 2420 1151 2508 λαιμὸς

44 2523 290 2610 πολοσφάραγος
318 2526 448 2608 Oppian.
477 2529 552 2608 Cyn.
582 2529 630 2592 lv.
652 2527 722 2593 445.
749 2541 861 2590 nomon
889 2541 908 2588 a
935 2541 1014 2590 sono
1044 2531 1151 2592 trans-

46 2627 143 2692 latum
171 2626 292 2690 videtur
318 2633 352 2690 ut
376 2623 740 2711 commemorantia,
773 2625 967 2706 quantumvis
994 2623 1151 2706 discrepet

47 2743 148 2790 sonus
177 2726 229 2806 qui
249 2731 371 2805 gutture
398 2724 496 2790 editur
518 2726 557 2790 ab
585 2742 623 2790 eo
644 2741 735 2806 quem
755 2723 880 2789 verbum
902 2727 1072 2806 σφαραγεῖν
1093 2741 1152 2788 cx-

48 2827 172 2907 primit;
194 2840 325 2905 namque
345 2840 408 2888 non
428 2825 528 2888 minus
548 2823 689 2905 dispares
711 2839 809 2888 sonos
829 2823 929 2887 Latini
949 2831 1010 2887 uno
1029 2824 1152 2888 nominc

48 2941 195 2988 murmur
222 2923 465 3005 complectuntur
495 2926 582 2988 etin
611 2925 755 2987 universo
782 2923 842 2987 hoc
868 2923 1017 2986 irritatius
1039 2937 1153 3001 gauere

50 3030 136 3102 patet
158 3021 296 3086 Graecos
316 3021 544 3106 Romanosque,
569 3039 661 3104 quum
680 3022 825 3085 inlinitum
846 3021 1029 3084 naturalium
1052 3037 1152 3084 sono-

50 3137 114 3186 mm
137 3121 318 3184 varietatem
338 3119 484 3184 imitando
508 3122 656 3202 consequi
677 3137 741 3186 non
763 3126 910 3203 possent,
930 3118 1026 3183 multa
1047 3119 1153 3199 specie

52 3219 190 3302 disparia
217 3219 394 3300 appellasse
421 3219 568 3284 similiter.
611 3219 677 3284 Nec
697 3237 771 3284 vero
791 3220 928 3301 rejiciam
950 3235 1055 3283 eorum
1077 3235 1154 3283 sen-

52 3321 195 3402 tentiam,
217 3320 269 3399 qui
286 3311 467 3400 ἀσφάραγος
488 3320 534 3382 sie
555 3324 588 3381 ut
609 3314 731 3400 φάραγξ
752 3326 783 3383 et
803 3314 924 3402 φάρυγξ
944 3318 1153 3398 interpretan-

53 3424 99 3483 tur
128 3419 287 3500 fissuram,
314 3416 458 3498 illamque
486 3416 618 3481 sonandi
640 3418 892 3499 significationem
913 3433 977 3480 nou
998 3416 1154 3496 propriam

51 3533 152 3599 nequo
173 3517 306 3579 nativam
328 3515 384 3579 sed
412 3533 429 3579 a
452 3521 576 3597 gutture
598 3516 776 3580 translatam
799 3516 961 3580 autetiam
982 3513 1020 3578 ad
1042 3514 1154 3579 homo-

53 3630 176 3696 nymum
204 3613 355 3695 quoddam
382 3615 574 3680 referendum
603 3622 740 3679 censent.
790 3614 852 3680 Sed
883 3614 967 3678 nulla
998 3614 1078 3677 ratio
1106 3619 1155 3678 est

55 3730 108 3778 cur
131 3712 213 3777 idem
235 3719 406 3778 statuamus
429 3712 466 3778 de
485 3715 581 3778 uerbo
603 3716 778 3796 σμαραγεῖν,
800 3711 838 3777 do
860 3728 921 3793 quo
942 3713 1008 3778 ΕΜ.
1023 3712 1093 3796 720,
1105 3712 1155 3780 51.

56 3821 85 3878 et
109 3812 214 3878 Schol.
241 3812 325 3892 Lips.
351 3812 385 3878 ll.
413 3813 449 3878 ΙΙ.
469 3811 539 3878 463.
566 3812 645 3876 haec
673 3811 847 3878 disserunt:
886 3814 1036 3894 σμαγαγιῖ
1058 3813 1159 3894 ψοφεῖ

57 3904 119 3976 άπὸ
138 3911 197 3974 τοῦ
218 3906 388 3994 σμάραγος·
422 3911 516 3976 τοῦτο
537 3906 674 3995 δὲπαρά
695 3905 731 3975 τὸ
752 3905 934 3993 σπαράσσω·
962 3908 1077 3992 κυρίως
1096 3903 1157 3992 γάρ

57 4006 212 4094 σμάραγος
241 4004 259 4074 ὁ
286 4005 349 4076 άπὸ
374 4011 558 4094 σπαραγμοῦ
584 3999 667 4094 ἦχος.
706 4005 794 4074 Ἔστι
820 4005 854 4075 δὲ
879 4007 933 4074 καὶ
957 4005 1061 4090 ἕτερον
1082 4021 1156 4090 σμα-

58 4112 142 4192 ραγῶ
169 4103 206 4173 τὸ
226 4104 345 4192 λάμπον,
373 4106 405 4187 ἐξ
425 4099 466 4175 οὗ
492 4104 683 4194 σμάραγδος,
714 4103 800 4193 παρά
823 4103 860 4175 τό
886 4109 987 4192 palpa
1005 4103 1157 4173 καὶκατὰ
