2758 4994
236 271 309 341 2⁰8
585 267 916 336 utssuuratto
944 268 991 334 tt.

236 437 341 520 στῖνη,
369 436 482 517 quihus
510 435 609 500 simile
633 427 803 508 Ἀκεστῖυος
823 432 932 498 mcdici
958 449 1071 498 nomon
1097 433 1138 497 ab
1165 433 1345 498 Heliodoro

236 539 346 602 dutum.
381 535 538 600 Hactenus
560 533 598 598 de
619 535 782 615 scriptura.
810 532 914 616 Origo,
935 532 1037 615 quoad
1058 541 1154 617 patet,
1179 534 1346 614 plerisque

237 623 495 702 asuhstantivis:
524 635 690 715 κεφαλῖνος
710 633 748 698 ab
771 649 826 715 ou,
854 635 906 714 qni
932 630 1066 717 κέφαλος
1091 639 1242 714 vocatur,
1272 648 1346 694 mn-

236 741 340 800 mcnto
362 732 494 817 quodam
516 731 679 796 distinctus
699 732 769 795 hth.
791 732 852 797 Vll.
873 731 943 796 306.
966 733 1000 796 Ε.
1022 739 1054 795 nt
1074 729 1202 812 μυξῖνος
1215 731 1345 794 dilierm

236 836 357 900 videtur
379 833 418 898 ah
440 850 478 896 co
502 831 554 911 qni
572 825 669 912 μύξος
689 832 755 895 sivo
775 826 882 914 μύξων
894 836 1032 912 vocatur,
1053 837 1197 912 σαργῖυος
1210 849 1233 894 o
1246 846 1343 909 sergo

237 933 299 998 Vll.
313 932 383 998 321.
398 932 430 995 C.
452 929 641 1010 Photiusqne
656 929 774 994 dubitat
784 929 903 995 idemne
917 931 958 994 sit
970 933 1125 1009 κεστρῖνος
1139 935 1170 994 et
1182 923 1343 1010 κεστρεύς,

236 1046 367 1115 quorum
396 1029 579 1110 primitivum
601 1034 650 1092 cst
677 1023 797 1109 κέστρα
845 1031 1024 1109 Κορακῖνσς
1043 1025 1202 1110 ἐπώνυμος
1226 1029 1344 1092 αἴθοπι

236 1129 325 1214 χροῖρ
347 1128 425 1209 Opp.
446 1125 513 1190 llal.
534 1127 556 1190 Ι.
580 1127 647 1192 133.
666 1135 696 1192 et
718 1129 757 1193 ah
783 1129 966 1209 Epicharmo
997 1126 1168 1210 κοριοετῖής
1193 1135 1342 1209 vocatur,

237 1227 322 1311 quod
341 1225 421 1290 idam
444 1230 493 1289 est
514 1242 551 1290 uc
573 1224 781 1310 κσρακοετόής.
824 1229 975 1310 Cyprinns
990 1229 1128 1312 acolore
1140 1228 1226 1292 ueris
1240 1227 1341 1308 cyprii

237 1329 348 1408 dictus,
368 1328 521 1405 receptam
541 1326 677 1390 tortasse
705 1327 744 1391 ah
772 1327 876 1392 herha.
916 1327 987 1391 hlia
1012 1328 1051 1392 ah
1079 1327 1245 1407 adjectivis
1267 1324 1342 1406 ἐρυ-

235 1431 329 1499 uicos
347 1425 418 1490 hth.
439 1425 487 1490 Vl
507 1425 577 1490 271.
598 1426 635 1488 lc
656 1432 687 1488 et
714 1425 803 1491 codd.
834 1425 991 1491 lamblioh.
1018 1427 1116 1491 Protr.
1144 1426 1239 1492 xlx
1270 1425 1340 1492 316.

236 1526 289 1591 uhi
309 1525 513 1604 lliosslingins
538 1519 706 1606 ἐρυθρῖνον
730 1525 856 1606 scripsit
883 1531 1006 1606 practer
1033 1541 1176 1605 cansnm;
1203 1543 1284 1590 narn
1312 1531 1341 1588 et

237 1627 331 1690 latine
359 1624 517 1704 erythinus
544 1624 733 1702 nominatum
760 1623 925 1688 Marcellus
950 1643 978 1686 v.
1004 1623 1050 1688 13.
1077 1619 1216 1706 ἐρυθρόν
1246 1631 1340 1690 vocat

237 1723 390 1805 adjectivo
419 1739 495 1787 usus
526 1723 718 1786 substantive
750 1723 830 1786 sicut
861 1721 1020 1804 Oppianus
1053 1724 1212 1803 scepinum
1249 1739 1339 1805 quem

237 1839 333 1890 cerac
355 1821 458 1886 dicere
479 1837 544 1884 κου
566 1825 629 1900 est,
659 1815 813 1884 σκέααυσν
834 1820 908 1884 dixit
929 1826 1045 1885 mutato
1068 1828 1170 1885 tamen
1190 1821 1339 1904 adjectivi

237 1929 381 2002 accentu;
403 1938 422 1984 a
442 1914 539 2002 φοξός
558 1938 587 1984 v.
610 1918 657 1984 12.
677 1917 821 2001 φοξῖνος,
849 1921 898 1982 cni
919 1920 1018 1982 simile
1038 1922 1201 2002 planeticos
1223 1924 1259 1985 in
1282 1937 1337 1985 nsn

237 2023 334 2088 tuisse
357 2019 510 2100 colligitur
532 2035 571 2082 ex
591 2016 776 2082 deminutivo
796 2017 1011 2099 picoarvtdcoo.
1044 2021 1073 2082 h
1092 2015 1209 2101 τυφλός
1231 2024 1337 2103 copii-

236 2141 292 2196 νος
312 2117 403 2202 ἰχθὺς
423 2116 475 2184 καὶ
496 2113 598 2200 ὄφεως
614 2110 694 2190 εἶδος
709 2116 781 2182 llas,
803 2133 893 2197 quam
910 2117 1011 2181 Latini
1034 2118 1191 2182 caeciliam
1213 2125 1336 2184 vocant.

236 2220 346 2302 ignota
373 2225 445 2283 sunt
470 2223 523 2281 aut
549 2217 664 2296 ignotis
690 2216 830 2296 proximu
857 2216 997 2296 βαλῐνος,
1028 2221 1169 2298 papinus,
1203 2217 1336 2300 φοξῖνος

237 2319 321 2403 qnod
342 2317 515 2382 Dindorllns
535 2317 606 2381 ath.
627 2315 676 2380 lll.
697 2315 768 2380 403.
789 2332 846 2396 pro
867 2315 1017 2380 mendoso
1039 2316 1199 2398 φυξῖκιυος
1221 2318 1334 2400 posuit,

239 2419 291 2484 olli
320 2417 448 2501 φοξῖνος
472 2415 605 2498 malunt,
639 2431 697 2478 nec
725 2414 870 2478 abhorret
895 2413 1022 2496 μυξῖνος
1048 2433 1067 2480 a
1095 2412 1176 2500 μύξα
1201 2417 1332 2482 ductum.

237 2519 369 2584 Piscium
389 2515 528 2597 inquilini
546 2520 619 2578 sunt
637 2517 773 2597 γυρῖυοτ,
801 2513 884 2594 quod
912 2531 1025 2579 nomen
1052 2523 1175 2580 veteres
1201 2511 1334 2598 υγνρός

236 2615 437 2681 arcessunt1⁵
457 2621 488 2677 et
507 2614 664 2695 καρκίνοι,
692 2615 781 2692 enjus
802 2619 927 2692 etymon
949 2613 1069 2678 tradere
1089 2615 1210 2679 videtur
1231 2616 1331 2694 Hesy-

237 2713 323 2778 chius
345 2707 468 2794 Κάρχντ
487 2717 628 2793 καρκῖυοι
648 2717 768 2776 retento
797 2717 927 2775 accentu
955 2713 1088 2796 vulgari,
1117 2715 1168 2797 qni
1197 2721 1331 2796 quanto-

238 2827 311 2893 pcrc
331 2810 493 2876 invaluerit
515 2819 644 2896 apparet
666 2829 704 2875 ex
723 2811 929 2876 haesitatione
951 2812 1055 2877 Schol.
1068 2815 1162 2878 hrist.
1177 2815 1249 2879 Pac.
1265 2811 1328 2880 tre.

235 2909 382 2994 καρκίνος
402 2906 436 2975 ἐν
454 2912 498 3000 τῷ
520 2906 700 2997 ἀντιγράφῳ
720 2904 937 2988 παροξύνεται·
968 2911 1042 2985 ἴσως
1067 2901 1126 2974 οὖν
1146 2910 1330 2976 συνέστειλεν

236 3003 314 3075 αὐτὸ
335 3003 527 3093 usurpatos.
563 3011 666 3075 Tertio
693 3010 764 3073 loco
787 3009 957 3073 succedunt
983 3011 1155 3091 plantarum
1181 3011 1328 3076 vocabula

234 3107 404 3175 masculina
424 3111 579 3184 πελεκῖνος
598 3103 647 3176 ,ὅτι
668 3103 775 3190 ὅμοιος
794 3110 833 3192 τῇ
853 3105 922 3184 ὄψει
941 3107 985 3195 τῷ
1005 3103 1121 3171 πελέκει
1136 3110 1285 3191 Theophr.
1300 3115 1327 3172 et

235 3209 423 3289 neapolione
444 3209 482 3272 ah
505 3227 541 3274 eo
565 3207 647 3290 quod
666 3207 754 3272 radix
774 3208 911 3271 colorem
930 3223 1009 3270 uvae
1030 3209 1210 3288 nigricantis
1230 3210 1325 3290 hahet,

235 3307 419 3387 tertiumque
443 3323 557 3387 genere
584 3313 615 3371 ct
636 3312 766 3370 accentu
786 3305 892 3386 dispar
911 3298 932 3388 ἡ
952 3301 1139 3386 κνκῖάμινος
1158 3301 1195 3371 τὸ
1215 3303 1326 3372 κυκλοῖ-

233 3425 325 3489 μκνον
346 3421 365 3468 a
384 3407 532 3488 κτκῖαμῖς
553 3405 683 3488 ductum,
705 3409 793 3484 cujus
815 3421 1017 3484 synonymum
1038 3406 1134 3468 lertur
1152 3403 1325 3487 περικῖύμε-

234 3525 293 3569 νον
314 3504 388 3569 iles,
412 3506 498 3584 origo
523 3521 581 3568 nos
605 3505 689 3583 lngit.
731 3504 842 3567 Verum
871 3502 977 3567 eadem
1000 3504 1171 3568 terminatio
1194 3504 1234 3567 ad
1254 3505 1323 3567 alias

234 3621 358 3686 quoque
375 3619 476 3666 rerum
492 3603 613 3683 species
630 3602 779 3666 translata
793 3607 850 3666 est.
876 3601 1014 3683 Namque
1035 3605 1224 3685 σταφυλῖνος
1238 3619 1323 3686 prae-

235 3711 373 3785 terquam
391 3703 524 3783 plantae,
542 3703 633 3765 etiam
652 3701 762 3764 insecti
778 3716 890 3763 nomen
906 3701 962 3762 luit
973 3718 1000 3764 v.
1016 3701 1193 3767 Schneider.
1206 3703 1245 3766 ad
1256 3701 1321 3767 hri-

235 3809 307 3867 stot.
320 3802 355 3866 H.
369 3801 447 3864 hnn.
465 3800 497 3864 T.
511 3800 559 3864 lll.
577 3798 646 3866 665.
662 3797 745 3881 qnod
765 3814 819 3862 cur
836 3797 994 3863 Bckherns
1007 3800 1079 3864 Vlll.
1092 3799 1141 3865 23.
1155 3819 1184 3884 p.
1199 3800 1267 3884 604,
1280 3797 1320 3864 18.

231 3946 520 3960 —u-n———an—

300 4027 345 4094 15]
370 4025 547 4095 correptionis
565 4025 713 4094 exemplum
737 4024 845 4093 praehet
864 4024 941 4080 Anth.
959 4025 1003 4080 lll.
1021 4025 1079 4082 336.
1109 4025 1221 4080 ἔπλευσε
1244 4028 1316 4092 hope·

234 4127 279 4166 νος
295 4122 311 4163 a
330 4109 412 4162 varos
428 4109 580 4166 derivatum.
616 4109 735 4164 Attamen
752 4109 859 4176 primam
876 4109 998 4176 producit
1013 4107 1187 4166 llcmesianus
1205 4111 1265 4180 Cyn.
1282 4111 1315 4165 iu.
