2768 4994
41 284 107 350 nu
133 281 316 347 vrcrssm.
341 277 554 344 uuanmnr.
576 263 621 356 α’ξ,
645 263 681 356 ῖς,
705 261 762 356 iffa,
784 264 855 357 αῖω,
877 263 959 358 tiae
980 289 1010 358 s.
1026 235 1060 348 a.
1085 283 1148 350 nm

9 456 98 519 Jarn
125 451 159 515 si
181 447 219 512 de
239 447 345 528 speeie
366 446 475 508 borum
495 444 651 507 nominum
673 441 885 526 quaestionem
907 443 1065 530 babemus,
1091 445 1150 512 ad-

9 552 155 634 jectiva
178 553 250 612 sunt
272 546 340 609 sine
361 541 453 608 dubio
476 541 533 606 sed
553 542 700 624 pleraque
724 544 986 608 substantivorum
1005 545 1066 608 vim
1089 547 1149 612 ob-

9 653 140 716 tinent
171 652 223 710 aut
252 659 375 724 semper
402 649 436 706 ut
457 636 588 722 δορκάς,
610 637 728 723 credda,
750 638 834 722 ψιάς,
856 637 1005 726 ἐμβροχᾶς
1027 643 1149 730 etalio,

9 757 84 815 aut
110 761 215 826 saepo
235 750 269 807 ut
290 738 423 825 δρυμός,
444 735 580 820 λαμπάς,
603 734 711 819 blada,
739 737 850 822 τροχάς
876 748 934 806 etc.
985 741 1146 817 Quomodo

11 849 118 914 enirn
141 845 240 908 latine
260 858 312 906 res
334 858 412 923 quae
435 839 547 903 eminet
569 841 740 902 eminentia
753 845 784 902 et
797 842 1014 919 prominentia
1029 839 1149 926 dicitur,

13 949 78 1013 sic
104 937 228 1024 ἐξοχάς,
250 939 333 1022 quod
355 940 480 1020 proprie
499 937 680 1000 eminentem
701 939 859 1022 significat,
882 955 977 1019 saepe
999 955 1067 1002 cum
1086 935 1150 1018 ἐξ·

13 1040 67 1128 χή
105 1039 280 1126 permutari
308 1043 429 1120 potest,
457 1035 604 1116 nulloque
634 1033 808 1100 discrimine
830 1035 912 1118 apud
931 1038 1149 1120 Hippocratem

18 1145 215 1208 miscentur
249 1131 397 1218 συμφυάς
433 1141 464 1200 et
492 1129 666 1215 σύμφυσις,
694 1130 862 1217 παραφυάς
894 1143 925 1201 et
959 1133 1147 1220 πάράφυσις.

17 1243 152 1320 ltaque
175 1253 231 1319 pro
254 1252 288 1299 re
308 1240 382 1298 nata
403 1231 625 1315 Symplegades
646 1232 787 1296 dicuntur
800 1233 951 1316 adjective
969 1252 1063 1317 rupes
1079 1237 1148 1302 col-

20 1340 119 1402 lisae
145 1342 178 1398 et
200 1333 393 1399 substantive
414 1327 626 1414 συμπληγάδες
644 1329 775 1413 γνόφων
796 1331 986 1417 collisiones,
1007 1337 1149 1416 symple-

26 1453 101 1518 pos
128 1434 199 1497 linet
218 1432 309 1496 lintd.
331 1432 398 1494 ltin.
422 1429 526 1495 1161.
541 1431 1149 1518 111011Ζιιιιιμιίιιειιίιιοιἰιιιθιμιοιειιιιη

30 1553 76 1599 ac
102 1535 133 1598 si
156 1533 227 1613 quis
241 1530 410 1594 meminerit
431 1522 595 1611 ἁμαμιωλή
616 1535 646 1592 et
660 1536 820 1610 peccatum
833 1531 1007 1612 'significare
1030 1539 1061 1596 ot
1082 1551 1150 1600 eam

33 1651 126 1715 quae
156 1636 286 1712 peccat,
318 1645 381 1692 non
408 1629 533 1708 negabit
560 1627 625 1691 fieri
655 1644 752 1709 posse
779 1634 813 1692 ut
840 1625 977 1712 ἁμαρτάς
1003 1630 1083 1696 idem
1110 1635 1151 1702 sit

34 1730 130 1814 quod
152 1727 262 1808 πρᾶξις
282 1723 459 1809 ἐφάμαρτος
480 1726 704 1806 significatione
725 1727 865 1792 neutrali.
906 1728 1056 1812 Pleraque
1071 1733 1152 1796 actia

38 1848 116 1895 vam
138 1829 264 1910 babent,
284 1826 434 1890 nonnulla
454 1825 611 1905 passivam
632 1830 666 1888 ut
683 1819 786 1904 ιοχάς.

131 1951 164 2019 §-
194 1943 222 2007 2.
271 1943 316 2004 bc
343 1940 512 2004 numeralia
545 1955 668 2020 quoque
694 1934 780 2015 ἕνάς,
808 1935 900 2020 δυάς,
935 1935 1152 2026 testamenta,

41 2036 216 2114 ἑκατοντάς
243 2047 300 2103 etc.
329 2039 388 2134 etsi
419 2039 597 2121 plerumque
627 2037 817 2103 substantive
846 2045 1016 2126 ponuntur,
1052 2047 1154 2110 tamen

43 2159 113 2206 non
135 2157 208 2204 raro
233 2138 453 2218 adjectivorum
475 2138 536 2199 ritu
557 2136 682 2198 tacitum
702 2135 816 2201 babent
838 2137 877 2201 ad
891 2137 1154 2208 substantivarc-

47 2245 195 2323 spectum
219 2239 299 2303 sicut
318 2231 432 2317 τετράς,
452 2230 550 2316 εἰκάς,
570 2229 733 2315 coascende,
763 2231 929 2318 ἀμφεικάς,
958 2235 1155 2322 προτριακάς,

49 2342 78 2406 si
102 2339 184 2402 diem
206 2342 364 2418 quartum,
393 2335 572 2398 vicesimum
600 2340 658 2397 etc.
687 2333 851 2418 denotant,
877 2332 1012 2410 ὅωδεκάς
1041 2340 1069 2401 si
1097 2357 1155 2421 pro

49 2430 320 2516 dmduccccopo'ptov
345 2432 428 2496 valet
456 2450 484 2496 v.
512 2433 604 2497 Voss,
632 2432 670 2496 ad
696 2434 782 2498 Arat.
809 2433 879 2499 5512.
907 2431 1018 2518 μυριὰς
1045 2432 1157 2519 pedores

50 2553 111 2620 pro
138 2531 370 2598 innumerabilis
397 2531 571 2609 Aeschylus
599 2533 774 2615 usurpavit,
810 2538 961 2614 vetusque
990 2535 1158 2603 Bibliorum

44 2639 210 2718 interpres
224 2647 287 2695 non
300 2630 416 2692 invenit
438 2646 499 2710 quo
521 2625 652 2712 §pcepta
672 2632 814 2695 redderet
829 2637 953 2713 praeter
975 2633 1158 2714 adjectivum

53 2730 273 2815 septenam]
313 2729 456 2794 Proxime
478 2746 497 2791 a
516 2730 724 2795 numeralibus
746 2730 859 2793 absunt
878 2725 976 2811 μονάς
1004 2734 1107 2798 unitas
1129 2741 1159 2800 et

56 2829 137 2917 ὁμάς
165 2827 361 2910 universitas,
389 2826 470 2890 unde
499 2827 677 2892 commodus
700 2827 738 2892 ad
760 2828 912 2909 adjectiva
933 2833 1082 2896 transitus
1105 2833 1158 2918 (V)

56 2925 210 3015 praecep
230 2921 352 3008 ἐρημάς,
371 2920 502 3007 bonade,
524 2920 642 3009 κιῤῥάς,
663 2921 777 3006 aalide,
799 2923 920 3012 λεπράς,
941 2926 1065 3011 λοιπάς,
1093 2954 1160 3014 μοι·

58 3026 123 3114 puls,
144 3021 269 3110 μαχλάς,
290 3021 397 3109 μονάς,
428 3017 523 3098 οὐλάς
551 3025 682 3107 (crispa)
710 3022 849 3109 arevacis,
877 3025 1008 3111 περκάς,
1037 3026 1159 3111 πικράς,

130 3275 297 3347 'IJAexddrc
315 3278 410 3344 νευραί
431 3275 574 3344 apollinar.
593 3273 692 3331 XXXII.
710 3277 736 3333 4.
753 3291 800 3346 pro
818 3275 1005 3348 δεκάχορδον,
1029 3277 1163 3351 μυριάδες

63 3365 154 3421 πόλεις
169 3361 229 3416 Eur.
248 3360 328 3416 libes.
348 3359 407 3416 etc.
425 3356 551 3427 χιλιάδος
567 3361 692 3428 στρατιῆς
704 3359 810 3430 πρόμος
820 3361 849 3415 id
867 3367 908 3418 est
919 3363 1062 3432 χιλίαρχος
1076 3361 1160 3418 Noun.

65 3445 186 3516 Parapbr.
205 3443 356 3499 11111159.
393 3441 520 3506 Quidnam
537 3441 667 3508 significat
689 3443 809 3502 συνδυάς
824 3446 851 3498 in
869 3443 930 3499 Eur.
949 3445 1006 3498 Alc.
1025 3446 1083 3502 476.
1108 3463 1161 3498 τοι·

69 3531 149 3595 edane
170 3531 210 3592 εἴη
234 3546 284 3595 μοι
306 3525 421 3595 κυρῆσαι
437 3522 590 3582 συνδυάδος
607 3524 699 3593 φιλίας
716 3525 827 3595 ἀλόχου,
846 3529 995 3595 conjugium
1016 3542 1048 3582 an
1065 3533 1161 3598 conju.

68 3615 147 3685 gem?
179 3613 337 3678 interpretes
354 3608 500 3676 percontari
514 3605 580 3660 'noli

135 3697 162 3765 8)
179 3693 293 3749 naneti.
311 3692 340 3746 V.
360 3693 419 3748 245.
439 3691 602 3759 εὔγραμμον
618 3690 731 3743 novanda
755 3693 783 3744 τ’
809 3692 839 3745 ἐν
861 3691 982 3762 χυμνᾶσι
1006 3692 1055 3745 τὸν
1073 3691 1162 3764 Ἑρμῆ

71 3785 110 3839 sic
127 3782 255 3846 conigunt
272 3775 302 3828 ἐν
318 3777 480 3844 γυμνασίοις
498 3776 558 3824 ἴσον
576 3769 672 3842 Ἑρμῇ.
706 3773 858 3843 Elegantius
882 3774 949 3834 ioret
973 3775 1003 3828 ἐν
1024 3777 1163 3848 χυμνάσιν

72 3863 172 3919 εἴκελον
183 3860 281 3930 Ἑρμῇ.
316 3856 426 3928 Γυμνάς
447 3857 525 3910 modo
551 3854 629 3909 homo
648 3856 741 3913 dicitur
759 3860 835 3914 modo
853 3863 921 3914 actio
939 3863 996 3918 sive
1012 3868 1161 3932 γυμνασία,

74 3947 191 4000 Heraclea
207 3958 331 4012 qumana,
357 3942 425 4007 seete
441 3956 563 4008 ppmnur,
587 3941 665 3995 modo
692 3945 770 3998 etiam
792 3944 953 4010 gymnasium
975 3951 1004 3999 ut
1023 3945 1110 4015 μιχιὶς
1132 3949 1162 4004 τὸ

77 4026 205 4097 coaeterne
227 4026 291 4082 Lex.
311 4023 399 4092 Cyrtii.
425 4038 448 4077 v.
475 4022 574 4080 Coraes
599 4024 633 4078 ad
655 4025 720 4081 Plnt.
743 4026 771 4080 T.
790 4026 908 4084 11116.
930 4027 1010 4086 Plene
1028 4027 1163 4100 Lycopbro

76 4113 132 4172 866.
151 4107 256 4182 γυμνὰς
272 4111 407 4176 κονίστριι.
