2772 4992
237 265 309 336 8¹7⁰
591 259 919 330 otssnnrarto
940 262 1017 329 tiit.

239 433 327 484 mern.
360 415 409 481 Ab
429 414 479 480 liis
499 429 575 480 vero
597 411 719 480 secerni
740 417 867 491 oportet
885 411 998 494 quibus
1014 410 1108 494 alpha
1117 411 1308 476 insiticium
1325 432 1335 463 ι

240 517 325 581 uelut
344 507 445 597 άτιάτη
464 529 483 578 a
499 513 631 578 themate
653 513 702 576 cui
722 511 850 576 latinum
872 528 970 592 opere
990 511 1075 574 uelut
1087 511 1204 590 imago
1220 524 1328 573 reson

242 615 333 698 plene
355 614 434 678 enim
455 611 613 676 assentior
633 611 818 676 Buttmanno
839 612 871 675 in
892 609 956 676 ind
977 611 1069 674 Vero.
1091 628 1120 691 p.
1150 610 1232 676 117.
1258 624 1336 670 οοο

240 712 315 778 illud
344 728 413 780 oum
434 703 601 794 άταφλσκο
629 717 660 774 et
681 702 815 791 ἀφάσσο
837 713 1036 789 conjunctum
1058 725 1131 774 esse
1158 723 1274 787 eaque
1297 722 1336 785 pr

243 813 310 896 pria
337 809 510 894 significare
535 809 672 890 potpurc
699 807 847 872 οιαλοαεα.
895 808 956 870 Pro
982 801 1095 890 ἐρκατη
1122 799 1273 890 φυλακή
1299 804 1336 868 li·

243 911 310 976 sive
330 910 392 976 hoo
412 906 622 972 a'maseulino
644 901 780 986 ἓριιοτος,
803 907 870 972 sire
891 923 948 986 pro
971 923 1006 970 se
1027 907 1099 987 ipso
1121 923 1168 970 ex
1193 902 1294 984 ἕρκος
1313 919 1330 965 ο

244 1015 307 1074 tum
329 1015 387 1090 est,
409 1011 547 1090 praestat
567 999 678 1088 ἑρτιάτη
699 1005 846 1070 scribere.
863 998 1018 1088 Ἠλανάτη
1032 1005 1179 1085 Baperus
1203 1009 1242 1070 in
1258 1006 1325 1070 Coc

244 1105 339 1174 lload.
362 1107 484 1186 Petrop.
507 1103 540 1168 T.
559 1102 596 1170 lt
616 1101 686 1168 439.
708 1103 748 1168 ab
761 1098 883 1166 ἐλαύνω
902 1106 1015 1186 repetit
1032 1105 1180 1170 Platonis
1202 1105 1285 1168 loco
1300 1102 1357 1164 lle.

245 1206 282 1272 X.
309 1204 380 1271 616.
408 1197 467 1286 τὴν
492 1196 650 1286 ἠλακάτην
684 1197 736 1266 διὰ
765 1197 863 1284 μέσον
887 1203 946 1266 τοῦ
972 1200 1160 1286 σφονδύλου
1192 1196 1365 1286 ἐληλάσθαιἸ

246 1320 353 1390 parum
372 1301 573 1386 probabiliter
595 1319 680 1368 usus.
721 1300 923 1366 Buttmannus
938 1303 1066 1383 liutici.
1081 1303 1118 1368 ll.
1133 1302 1220 1368 366.
1236 1301 1280 1364 ab
1294 1294 1356 1362 ἕλκο

246 1409 373 1484 proptor
400 1399 630 1466 adnotationem
657 1398 761 1465 solor.
786 1399 819 1464 ll.
840 1397 916 1466 xvt
937 1401 1006 1468 183.
1034 1395 1179 1484 ἠλακάτη
1212 1396 1256 1463 τὸ
1285 1393 1355 1477 ἔργα·

245 1504 328 1566 λεῖον
348 1494 380 1576 ἐξ
402 1485 442 1562 οὗ
462 1493 499 1562 τὸ
518 1500 602 1582 νῆμα
622 1494 747 1562 ἕλκεται.
788 1499 896 1565 Neutri
917 1507 1106 1581 postponam
1120 1509 1280 1564 ueterum
1294 1511 1356 1560 sen-

245 1599 370 1663 tentiam
391 1597 492 1660 colum
513 1597 557 1662 ita
578 1597 637 1662 diei
658 1593 743 1680 παρὰ
762 1594 799 1661 τὸ
820 1597 926 1678 εἱλεῖν,
946 1599 996 1662 uel
1018 1598 1101 1680 quod
1121 1598 1289 1663 interdum
1310 1608 1353 1674 pru

246 1693 395 1778 ἄτρακτος
421 1702 601 1778 usurpatur,
630 1698 718 1762 lusus
747 1706 849 1762 autem
876 1693 1039 1776 ἑλίσσεται,
1068 1699 1118 1762 uel
1138 1701 1223 1780 quia
1244 1699 1318 1760 lana
1335 1617 1367 1754 τά

246 1795 503 1862 circumvolvitur.
550 1794 682 1859 Primum
704 1797 794 1876 igitur
822 1797 912 1861 luerit
939 1792 1091 1879 εέλεκάτη,
1120 1805 1187 1862 tum
1219 1788 1351 1880 ἠλακάτη,

246 1894 329 1979 quod
357 1893 529 1974 Hesychius
558 1894 703 1976 servavit,
732 1892 770 1958 ad
791 1895 927 1960 ultimam
954 1897 1015 1959 lucc
1042 1895 1165 1977 dequo
1189 1894 1351 1975 loquimm,

246 1996 329 2062 Idem
350 1992 596 2076 glossographus
612 1985 749 2075 Ῥαπάτη
770 1991 892 2078 καλάμη
912 1991 965 2058 καὶ
985 1990 1059 2070 τοὺς
1072 1992 1106 2058 ἐν
1118 1988 1204 2079 αὐτῇ
1223 1985 1348 2056 αὐλοῦν-

245 2117 300 2172 τας
325 2087 558 2178 §camuel-ovs,
588 2109 607 2153 tl
633 2089 725 2170 ραπές
751 2088 867 2176 ῥάβδος
893 2100 927 2158 ut
954 2095 1098 2159 arbitron.
1148 2087 1301 2172 Λαικάτη
1324 2088 1350 2148 in

245 2195 340 2260 inser.
367 2191 482 2256 doricis
510 2189 690 2254 concionem
719 2192 895 2273 significans
917 2211 936 2258 a
956 2190 1031 2268 λαός
1051 2191 1228 2258 deriuatum
1250 2191 1346 2272 putant

244 2293 336 2376 idque
359 2297 390 2356 et
411 2288 450 2356 ad
471 2290 606 2371 speciem
627 2296 659 2352 et
680 2289 720 2354 ad
738 2292 992 2373 significationem
1011 2293 1198 2358 simillimum
1220 2296 1281 2371 est,
1301 2281 1347 2349 scd

246 2390 410 2473 exemplar,
432 2387 471 2452 ad
493 2385 576 2468 quod
597 2388 759 2453 iormetum
780 2392 830 2475 sit,
851 2392 975 2458 ostendi
993 2409 1056 2458 nou
1073 2398 1190 2475 potest.
1232 2380 1343 2469 Αίμάτη

245 2485 378 2573 μάχαιρα
404 2487 470 2552 ΕΜ.
499 2505 554 2569 per
575 2503 711 2552 errorem
739 2491 887 2571 scriptum
915 2509 971 2573 pro
999 2483 1075 2574 αἷμα
1100 2485 1159 2575 τὴν
1186 2484 1343 2572 μάχαιραν,

246 2588 329 2672 quod
351 2587 446 2654 octeni
468 2584 693 2667 Glossograplri
720 2604 758 2650 ex
780 2590 946 2670 Sophoclis
968 2591 1039 2656 loco
1061 2607 1169 2672 parum
1191 2585 1339 2653 intellecto

247 2689 384 2752 alierunt.
426 2685 493 2750 Duo
517 2685 711 2765 cognationis
733 2685 890 2752 vocabula
905 2685 1047 2773 θυγάτηρ
1069 2698 1100 2755 et
1120 2684 1247 2772 ελνάτηρ
1267 2681 1341 2749 radi·

246 2805 300 2884 ces
323 2793 383 2850 tam
404 2784 466 2848 alte
487 2784 633 2850 defossas
654 2785 768 2848 habeut
789 2792 822 2848 ut
850 2789 916 2850 erui
937 2796 1100 2870 nequeant.
1141 2790 1169 2853 Α
1191 2781 1339 2854 uerbislu
1368 2759 1370 2874 Ι

245 2909 293 2951 oo
314 2884 598 2963 braohpparalectis
626 2883 718 2948 ducta
745 2892 817 2948 sunt
838 2886 1033 2952 substantiva
1060 2894 1092 2952 et
1119 2887 1275 2969 adjectiva
1291 2900 1338 2945 ro-

245 2981 355 3070 λάτης,
384 2978 507 3064 ἐλάτης,
535 2977 681 3064 στρατός,
707 2979 828 3064 ἐρατός,
858 2978 1030 3060 ἀνούτατος
1058 2993 1117 3052 eto.
1161 2986 1267 3052 Simile
1285 2979 1336 3043 ilis
1368 2971 1370 3018 1

245 3081 371 3168 ἐργάτης
398 3082 583 3162 Apollonius
615 3089 646 3145 et
676 3085 770 3146 ceteri
799 3085 838 3148 ab
864 3079 1027 3167 ἐργάζομαι
1055 3086 1197 3150 extitisse
1227 3082 1336 3151 sumunt

245 3190 379 3249 retracto
402 3189 528 3263 propter
550 3180 671 3262 ellipsin
694 3188 841 3263 accentu3
863 3200 953 3264 quam
974 3185 1006 3247 iu
1026 3200 1090 3248 rem
1107 3180 1258 3268 δεσπότης
1271 3179 1333 3244 adc-

245 3289 315 3348 runt
348 3287 379 3345 et
413 3280 474 3344 alia
503 3295 601 3360 aeque
627 3280 765 3344 incertae
791 3282 1055 3362 interpretationis
1082 3301 1110 3347 r.
1137 3283 1251 3348 Parall.
1276 3274 1334 3342 431.

244 3381 351 3463 Neque
373 3379 473 3461 placet
493 3395 512 3442 a
532 3378 628 3442 uerbo
651 3378 849 3444 alexandrino
866 3377 1000 3462 ἐργῶμαι
1015 3386 1167 3461 repetere.
1205 3379 1266 3446 Sed
1278 3379 1332 3440 lor·
1369 3371 1370 3414 l

245 3482 327 3547 sitan
342 3479 440 3560 magis
454 3477 493 3542 ad
513 3478 674 3541 vamtatem
688 3477 853 3558 dirigamus
875 3481 902 3544 si
923 3480 962 3543 ab
985 3480 1093 3544 eodem
1115 3479 1249 3546 themate
1267 3473 1333 3558 icon

245 3586 276 3644 et
295 3579 382 3643 breui
403 3573 519 3661 ἐρντης,
541 3580 628 3656 eujus
650 3582 747 3640 testes
768 3585 893 3659 praesto
916 3586 996 3662 sunt,
1017 3585 1048 3642 et
1069 3578 1201 3658 amplius
1222 3569 1331 3661 ἐργάτης

244 3678 393 3744 deflexum
420 3684 560 3758 putemus
588 3682 621 3737 ut
648 3670 770 3756 ἐργάται
798 3675 828 3739 oi
848 3674 1045 3760 δεσμεύοντες
1063 3676 1136 3741 iles.
1161 3677 1235 3758 (sub
1252 3669 1331 3752 Ἐρα-

243 3773 346 3861 χάται)
368 3794 424 3857 pro
443 3771 547 3858 ἔραται
567 3776 741 3858 carcerarii,
762 3782 793 3840 et
808 3773 954 3842 Κνπάταο
971 3775 1105 3842 κίναιδοι
1124 3776 1205 3841 idem
1226 3774 1328 3839 videtu

126 3865 130 3876 '
244 3875 327 3959 quod
353 3871 468 3940 αύτιται
494 3880 527 3938 ut
553 3873 586 3936 in
608 3873 710 3939 Gloss.
737 3877 911 3942 incubones
931 3871 1161 3959 ἐτιιακοφότης.
1204 3875 1331 3949 rooni-

242 3991 361 4040 morum
386 3973 557 4055 exemplum
585 3972 713 4056 praebet
738 3971 895 4058 Μηλάταν
921 3972 978 4042 τὸν
1006 3970 1137 4058 uomica
1157 3972 1286 4039 Βοιωτοί
1307 3973 1329 4030 el

242 4075 330 4140 Eust.
340 4073 428 4158 1648,
435 4072 484 4138 59.
498 4070 529 4136 οἱ
540 4065 680 4153 ποιμένες
692 4075 859 4140 καλοῦνται
871 4071 1010 4162 μηλάται,
1026 4074 1170 4158 quodque
1183 4075 1216 4140 in
1231 4068 1328 4139 uostris
