2750 4994
196 249 262 318 1ae
553 247 874 320 nissannarlo
909 247 961 314 lli
1097 311 1102 318 .

206 413 311 533 tripli
327 413 414 482 Pers
436 415 507 482 316.
528 415 598 484 320.
613 417 689 490 925.
710 416 772 482 lucc
792 421 843 480 est
863 419 1010 494 correpta
1022 414 1201 496 panthu,
1221 431 1332 495 quam
1366 411 1367 416 ’

206 505 413 598 Ἀμναμηςν.
436 513 485 580 37.
514 515 587 598 quia
614 517 732 582 numeri
761 514 955 596 anapaestici
982 512 1073 576 aliter
1103 529 1169 578 ιοι
1201 515 1334 594 term,
1325 554 1368 638 ‚p

210 610 392 696 productam
412 611 515 678 nabot.
1367 639 1368 662 1

294 717 325 788 ς
347 709 375 776 2.
419 711 531 794 lrope,
545 729 606 794 qua
618 707 764 796 Apreprr
781 721 813 778 et
828 708 1156 798 moralem
1115 710 1332 790 πιαίνου

211 809 251 876 ati
274 807 362 892 Greg.
385 809 469 892 aot.)
491 811 679 892 appellativa
699 829 763 878 non
783 814 915 893 attingit.
959 811 1057 892 Sedu
1070 813 1103 874 iu
1117 816 1141 872 ir·
1159 817 1335 874 nutarunt

212 905 366 990 adjectiva
386 902 534 992 διβοὶμων,
556 907 742 994 ἱπποβάμονα
769 931 797 978 u.
822 911 862 975 ad
890 912 1002 990 Phrpn.
1030 909 1102 974 431.
1129 904 1335 989 tiernium,
1368 940 1369 974 t

217 1002 412 1092 νολνπάμνν
431 1025 460 1072 u.
482 1007 594 1076 Parati.
614 1010 685 1078 452.
723 1005 865 1092 Ἡγεμών
883 1011 993 1076 licitur
1006 1015 1040 1072 ut
1060 1001 1204 1089 ἡμέραν
1223 1001 1245 1070 ὁ
1267 1011 1337 1090 aar

213 1101 326 1194 prmtp's
347 1113 378 1174 ot
398 1102 548 1190 κηδεμών,
570 1125 634 1174 non
654 1110 727 1174 ituro
741 1102 871 1192 ἰμὴμων
883 1109 1123 1190 nisipropn'nrn,
1142 1107 1231 1188 qnod
1244 1125 1335 1170 sae-

214 1207 284 1292 pius
307 1211 338 1272 ot
358 1207 466 1272 neseio
489 1223 529 1272 un
550 1207 660 1274 nelias
674 1209 721 1274 sio
741 1209 886 1274 scribitur
899 1200 1179 1290 quru‘rptpavv.
1194 1204 1336 1268 Sclroe-

214 1320 315 1377 tuann.
337 1303 376 1372 ud
398 1305 517 1372 Isaeum
539 1323 568 1389 p.
591 1305 660 1372 328.
703 1307 873 1388 Dupliciter
888 1323 997 1372 veroa
1017 1311 1105 1368 recta
1122 1305 1174 1368 ria
1193 1304 1336 1368 aberrat

215 1403 347 1490 ἴφθιμος
366 1405 547 1492 πλεονασμῷ
568 1406 624 1470 τοῦ
642 1392 742 1470 §aci
754 1401 906 1488 ἐνψαγῇ
925 1406 984 1470 τοῦ
996 1400 1122 1485 χρόνον,
1142 1398 1336 1466 statuum

214 1495 329 1588 βραχέα
353 1503 418 1570 ult.
444 1503 514 1588 tau,
541 1503 591 1570 23.
621 1505 720 1570 Crarn.
743 1505 765 1572 1.
791 1504 861 1570 208.
892 1503 1032 1584 enallage
1056 1502 1158 1566 solunt
1181 1494 1336 1582 Ὀβριμό

218 1601 285 1670 eive
306 1601 422 1686 Βριμῶ,
446 1603 473 1668 si
494 1603 554 1668 lroc
575 1607 698 1670 nomine
720 1602 779 1668 dea
805 1598 931 1686 ὄβραιος
957 1601 1153 1682 significatur.
1209 1602 1336 1664 Verum

218 1699 345 1768 luorum
374 1702 497 1770 uomina
525 1702 565 1766 ad
592 1702 705 1784 digitos
733 1717 882 1768 reuocare
917 1716 1018 1780 neque
1046 1701 1196 1762 Socrates
1225 1715 1335 1762 ausus

219 1805 279 1878 est,
301 1815 401 1882 nectua
423 1799 515 1867 hodie
538 1801 612 1868 iioct
633 1802 693 1866 nisi
715 1803 796 1866 torte
817 1800 935 1883 paucis,
954 1805 1019 1872 τοῖς
1037 1791 1336 1880 μεμυημένοιςεοί-

218 1897 299 1964 iicet
344 1899 509 1966 consonae
531 1900 650 1966 aeolice
671 1901 843 1980 geminatae
864 1899 1023 1978 specimen
1042 1899 1145 1960 ierunt
1161 1892 1337 1978 πολιαάμ-

217 2017 287 2080 μαν
308 1997 411 2064 Scirol.
431 1997 463 2064 ll.
485 1998 533 2063 tv.
556 1999 626 2064 433.
646 2015 728 2064 nuno
749 2015 810 2064 uno
831 2021 853 2080 μ
874 1999 1032 2080 scriptnnr
1066 1989 1254 2076 Εὐγάμμων
1269 2012 1334 2076 pro

217 2091 351 2180 royano·
373 2095 476 2162 valere
497 2096 679 2164 Wolekerus
701 2098 809 2164 statuit
829 2098 867 2162 do
889 2097 973 2177 cycl.
995 2096 1082 2176 Epic.
1104 2113 1134 2176 p
1157 2093 1232 2158 311.
1265 2111 1335 2174 quo

219 2193 323 2278 paullo
353 2195 529 2262 credibilius
557 2195 678 2262 videtur
706 2196 789 2277 quod
816 2194 995 2274 Bernhardy
1020 2195 1125 2276 posuit
1164 2191 1205 2255 ad
1233 2193 1334 2258 Ilion.

220 2312 250 2377 p.
274 2293 344 2362 ott.
367 2302 480 2376 poetue
502 2297 673 2376 Cyrenaico
696 2311 807 2359 nornen
830 2297 926 2361 luisse
950 2295 1120 2358 lluammon
1146 2290 1195 2371 (ut
1223 2291 1336 2356 lleru·

221 2393 390 2478 olumrnon,
417 2395 656 2478 Hermammon).
694 2387 852 2478 Ἐχέμμων
881 2409 993 2458 nornen
1020 2391 1211 2455 homericum
1246 2391 1334 2456 idem

218 2483 353 2574 Ἐχὲμαν
374 2493 469 2558 scribi
490 2501 520 2560 ot
539 2487 679 2578 Ἐχὴμων
697 2496 761 2574 iarn
783 2494 845 2558 dini
865 2495 897 2556 in
917 2490 1028 2555 Parell.
1047 2489 1117 2554 452.
1139 2505 1243 2570 nequo
1259 2509 1335 2554 ant-

221 2589 302 2674 plius
326 2589 444 2658 dubitat
467 2593 647 2678 Spitanerus
671 2591 800 2658 Observ.
823 2594 855 2656 in
877 2593 978 2668 Quint.
1001 2608 1032 2670 p.
1054 2589 1105 2654 43.
1134 2589 1250 2669 panus
1284 2591 1334 2653 si-

221 2689 321 2754 ruilern
336 2691 471 2772 speciem
487 2686 730 2774 gerunt'ia'pepog
743 2700 774 2757 et
784 2686 934 2775 Ἑχὲμμας
947 2689 1116 2776 Cretensis.
1158 2687 1335 2769 Peregrina

222 2794 274 2854 out
296 2790 467 2870 peregrinis
490 2789 602 2854 similia
624 2797 697 2855 sunt
714 2785 852 2874 Ἀρτίμας
872 2788 1012 2869 Xenoph.
1032 2787 1131 2851 anan
1153 2787 1218 2850 Vll.
1232 2787 1264 2870 8,
1282 2789 1332 2852 tt.

220 2881 364 2970 Ἀρσίμας
396 2889 516 2952 Atrion.
546 2888 633 2954 Alex.
662 2891 697 2955 ll.
727 2891 782 2974 tt,
811 2892 840 2956 5.
874 2883 1021 2970 Ἀρίμμας
1049 2884 1140 2949 anth.
1167 2885 1233 2949 Vll.
1255 2887 1332 2950 524.

223 2987 402 3070 Κερδίμμας
429 3005 456 3052 v.
486 2985 617 3052 Ellendt.
648 2986 972 3070 adornarunt,
1002 2984 1049 3051 12.
1091 2984 1255 3066 Τυρίμμας
1284 2986 1335 3048 lll.

226 3085 273 3170 12,
294 3087 321 3152 7.
345 3085 455 3166 Georg.
480 3087 571 3167 Syna.
596 3088 708 3152 Cirron.
731 3103 760 3169 p.
784 3087 854 3153 262.
875 3089 909 3152 D.
932 3094 962 3150 et
981 3085 1235 3167 lluptppastnisi
1249 3084 1334 3148 idem

222 3199 335 3248 nornen
358 3191 419 3264 est)
442 3185 605 3250 Herodian.
630 3187 728 3252 Crem.
750 3187 797 3252 lV.
824 3187 894 3252 335.
926 3185 1038 3267 quihus
1059 3183 1239 3247 nominibus
1261 3183 1335 3246 libri

224 3298 320 3362 saepe
342 3281 470 3348 alterurn
491 3301 541 3364 ruy
562 3284 735 3349 detrahunt.
778 3285 1025 3350 Promontoriunr
1043 3282 1203 3364 Λεοκίμμη
1219 3283 1334 3347 Graeci

223 3397 305 3446 nuno
326 3378 481 3464 Λεύκαμα
503 3383 660 3464 appellant
680 3385 812 3449 forsitan
835 3401 874 3449 ex
893 3383 1083 3464 proprietate
1106 3381 1166 3445 soli
1194 3389 1230 3446 nt
1251 3385 1335 3445 Λευ-

223 3474 280 3554 κάς
303 3479 400 3562 115ο;
428 3480 485 3546 sed
510 3481 589 3546 idern
618 3483 650 3546 in
679 3482 767 3550 codd.
796 3483 888 3546 Tinuo.
920 3483 941 3547 l
970 3481 1020 3546 30.
1050 3483 1141 3546 etiam
1167 3481 1335 3562 Λευκᾴινη

225 3577 373 3660 scriptum
396 3586 453 3644 ost.
494 3581 638 3646 Ariminus
660 3583 790 3662 pictoris
811 3599 924 3646 nornen
946 3581 1085 3657 Vara-L.
1099 3580 1132 3644 L.
1153 3579 1232 3644 Vlll.
1260 3578 1333 3644 129.

226 3677 362 3744 tortasse
384 3677 464 3744 idem
486 3685 535 3743 est
557 3679 639 3760 quod
661 3681 753 3762 paulo
777 3689 848 3746 anto
864 3680 952 3745 attuli
963 3672 1117 3761 Ἀρίμμας,
1139 3678 1335 3758 saepiusque

226 3793 367 3842 consona
389 3775 555 3842 discretiva
576 3780 722 3843 annititur
743 3779 844 3846 vicino
867 3765 896 3859 ιῖ,
918 3778 1066 3861 aucupor
1086 3778 1193 3859 planta
1208 3775 1335 3840 dictam

227 3881 258 3940 ct
279 3873 447 3958 δίκταμνον
468 3878 535 3941 sivo
556 3876 729 3962 δίκταμνος,
751 3874 889 3960 ῥάδαμος
908 3874 1040 3964 βλαστός
1059 3878 1132 3944 Hcs.
1154 3882 1185 3940 ci
1213 3870 1334 3958 ῥάδαμ-

225 3991 280 4046 νος
300 3973 387 4038 brevi
416 3975 583 4056 penultima
610 3977 642 4040 in
659 3977 725 4040 Nic.
748 3977 796 4042 al.
821 3976 870 4042 92.
894 3977 945 4042 ubi
968 3973 1035 4040 cod.
1060 3975 1161 4039 Goett.
1194 3969 1334 4055 ῥάδαλος

226 4070 363 4154 praebet,
381 4080 511 4138 accentu
536 4072 714 4142 distinctum
736 4075 775 4141 ab
791 4067 944 4157 adjectivo
958 4069 1145 4160 ραδαλόςε
1165 4068 1331 4155 walde,
