2772 4992
203 243 274 314 880
542 239 867 306 uissnuunuio
897 238 973 306 vrit.

206 403 335 494 φοιοὶς,
364 405 414 472 vei
436 405 497 472 talo
518 406 600 490 quid.
628 441 670 454 —
697 407 913 488 Diphtircngus
933 393 976 470 ὦ
994 405 1122 486 propria
1144 410 1202 468 est
1224 407 1324 470 uomi-

208 507 525 591 comperegrinorum
539 513 572 569 nt
588 505 767 586 Καονοῠτοι
788 506 890 571 Strato.
911 505 961 569 iv.
985 503 1093 568 191.¹⁰
1132 499 1325 586 Παυζούοης

209 611 318 690 magus
348 605 457 687 Georp.
489 606 582 684 syon.
604 605 716 670 coron.
737 621 767 686 p.
794 602 865 670 209.
893 603 927 668 Β.
957 599 1140 685 Κόμβουτις
1160 603 1233 668 dux
1256 604 1326 669 Gal-

210 709 311 774 lorum
336 705 429 770 Paus.
450 703 486 769 Χ
508 703 557 786 22,
578 703 607 768 2.
638 698 839 786 Κοάμβοπις
865 698 953 777 πόλις
972 699 1136 784 Alponos}
1156 738 1207 750 —
1222 697 1327 784 ‘Hoc-

210 801 317 882 διονὸς
337 801 390 870 διὰ
410 805 468 869 τοῦ
489 809 509 868 δ
529 797 809 884 προπαροξυιόνως
829 794 1005 884 ὦς”Λβοτις
1024 801 1132 881 Steph.
1164 801 1267 877 Quod
1283 821 1326 884 up.

212 905 398 988 Hesychium
431 909 504 984 post
533 897 662 984 Κορμός
696 901 808 982 iegitur
836 895 1020 983 Κορκούτης
1044 899 1171 964 αἰδοῖον
1203 895 1328 982 ἄωρός,

212 1021 281 1068 cun
299 997 409 1084 κέρκος
429 1007 593 1082 cognatum
615 1000 735 1065 videtur
755 999 924 1081 codemque
938 1000 1070 1063 forsitan
1081 1002 1247 1080 pertineat
1262 1001 1330 1064 uul-

212 1103 261 1186 pis
281 1117 393 1168 nomon
414 1103 556 1178 κοροῖτις.
599 1098 771 1180 Kepovciup
796 1104 827 1162 ct
853 1099 1029 1184 κερουτιᾴν,
1058 1101 1147 1178 cujus
1180 1117 1330 1180 synonp-
1362 1121 1363 1124 ¹

212 1215 285 1266 mou
300 1206 349 1264 est
362 1199 542 1286 κοοιοιοιᾷν,
565 1199 592 1263 si
614 1199 683 1280 quis
705 1196 743 1261 ad
757 1213 862 1260 uerum
879 1196 1018 1277 redigere
1037 1188 1190 1282 obstinet,
1214 1200 1328 1262 ficticio

212 1292 360 1382 ωοούιης
379 1295 524 1362 utendum
546 1297 612 1362 orit.

296 1403 325 1472 ς.
353 1395 382 1462 8.
429 1393 518 1460 Nono
549 1395 748 1460 tractabimus
776 1395 905 1460 canonis
933 1412 1027 1476 supra
1054 1401 1084 1468 ς.
1105 1396 1136 1459 7.
1164 1396 1330 1477 propositi
1363 1391 1364 1416 ¹

215 1502 335 1578 partem
357 1494 485 1560 altorum
506 1489 686 1577 πρεσβύτης,
713 1487 839 1576 cutiens
860 1500 918 1558 etc.
946 1511 1026 1576 quac
1047 1492 1154 1558 eadem
1177 1497 1330 1558 reierun-
1364 1482 1365 1564 i

215 1601 264 1660 tur
286 1611 314 1676 p.
335 1593 385 1658 ta.
416 1591 472 1656 scd
504 1609 571 1656 cum
594 1593 789 1674 adjunctione
812 1601 1015 1672 ormonorum
1035 1587 1074 1656 τὰ
1091 1587 1147 1656 διὰ
1166 1596 1236 1658 τοῦ
1253 1581 1331 1679 ἧς
1364 1575 1365 1666 t

215 1686 349 1772 ὁξύτονα
371 1687 425 1756 καὶ
444 1685 603 1774 poposcero
623 1687 675 1756 διὰ
695 1693 753 1756 τοῦ
772 1697 795 1756 ὑ
816 1687 965 1774 γράφεται
984 1719 1026 1738 *-
1046 1689 1202 1774 κωλυτής,
1224 1717 1331 1778 μηνυ-

215 1787 278 1876 τής.
316 1785 444 1874 Ἑλὺτης
462 1789 545 1872 quod
562 1792 622 1856 hoo
640 1791 711 1854 loco
734 1783 907 1873 οῑεύλύτης
926 1789 1081 1872 φιοὼίΙΙο
1102 1791 1233 1876 legitur,
1261 1796 1331 1860 sine
1365 1814 1366 1902 p

218 1891 310 1957 dnbio
336 1890 415 1955 idem
443 1895 492 1954 est
522 1907 570 1972 ap.
598 1890 670 1955 iios.
692 1883 827 1964 Ἐλλοτὶς
853 1891 991 1964 πλακοῦς
1009 1911 1062 1968 τις,
1084 1890 1137 1954 ubi
1157 1902 1250 1958 recto
1271 1894 1331 1958 Al·
1365 1907 1366 1918 ¹

217 1991 336 2058 bertius
363 1981 489 2072 ἐλλύτης
509 1990 632 2070 reponit
646 2005 685 2052 ex
699 1988 921 2072 luscudoricu,
942 1989 1056 2068 spiram
1071 1988 1214 2056 fortasse
1227 1993 1331 2074 signi-

217 2089 314 2156 ficans
335 2088 374 2152 ab
395 2082 476 2151 έλύο
496 2083 604 2165 citou,
626 2103 696 2152 num
718 2087 800 2169 qnod
822 2105 841 2154 u
861 2088 1060 2167 Ttrcoguosto
1081 2088 1161 2151 iuter
1182 2107 1331 2171 parony-

217 2205 268 2254 ma
293 2189 439 2268 retertur,
461 2203 567 2268 parum
594 2188 739 2250 momenti
767 2187 868 2252 habet.
920 2186 980 2250 Pro
1007 2187 1113 2265 ignoto
1134 2185 1277 2270 μεγύοης
1304 2189 1331 2253 si

219 2287 384 2370 scripseris
406 2285 488 2366 quod
509 2285 682 2364 Hesychius
705 2285 791 2350 ctiori
810 2281 942 2368 μορύτης
960 2279 1105 2367 ἀναιδής,
1131 2301 1185 2350 res
1217 2286 1330 2351 eodem

218 2386 290 2452 iooo
319 2384 424 2468 orit‚¹¹
456 2385 583 2464 parique
620 2384 806 2448 obscuritate
834 2384 1019 2448 circumfuso
1045 2399 1124 2464 quac
1153 2395 1330 2466 sequuntur

218 2480 395 2570 βαοονύτης
420 2489 453 2548 ot
479 2475 679 2566 ἀλκοοούοης.
727 2482 804 2547 Nam
832 2483 1032 2568 appellativa,
1069 2497 1149 2562 quae
1178 2487 1329 2550 omnibus
1367 2482 1368 2544 ἒ

218 2591 295 2650 nota
314 2589 394 2665 sunt,
416 2587 469 2644 aut
491 2581 596 2662 topica
617 2598 696 2662 apiae
719 2588 862 2646 amonte
882 2581 986 2645 Busan
1008 2588 1039 2645 ct
1052 2581 1128 2644 urbo
1142 2581 1233 2662 Epiri
1243 2584 1329 2648 Bas-

220 2684 308 2748 sunia
329 2687 360 2746 ct
381 2680 457 2745 urbe
479 2687 620 2744 montore
636 2679 795 2759 Halcyone
811 2680 880 2745 duci
896 2686 1039 2761 possunt,
1060 2697 1079 2744 a
1100 2682 1329 2751 somniomons

219 2781 353 2846 librariis
380 2777 543 2860 aliquando
576 2795 632 2859 per
660 2778 784 2858 ypsiion
812 2781 928 2860 scriptu
958 2795 1057 2858 coquo
1084 2777 1242 2844 homiuem
1265 2797 1331 2845 no-

90 2871 97 2888 '
219 2885 314 2944 strum
342 2878 373 2940 in
395 2893 532 2942 errorem
551 2877 707 2942 inductum
729 2894 817 2956 osse,
841 2879 955 2956 tingere
981 2875 1088 2940 durum
1115 2883 1173 2941 est.
1220 2877 1330 2944 Πιδύ-

220 2997 274 3062 οης
295 2981 343 3041 ost
362 2975 523 3040 bellatoris
543 2976 682 3041 Percosii
703 2991 815 3040 nomen
836 2977 869 3040 ΙΙ.
883 2977 932 3040 vi.
945 2975 995 3040 30.
1018 2973 1101 3056 qnod
1121 2974 1187 3040 ΕΜ.
1202 2978 1328 3058 quidem

221 3075 260 3142 ed
285 3069 388 3140 eonon
417 3075 511 3140 reiort
539 3074 617 3158 671,
644 3075 693 3141 24.
722 3074 779 3139 sou
807 3091 826 3138 a
854 3075 1051 3155 theognosto
1080 3080 1142 3137 stat
1168 3076 1327 3142 Arcadius

219 3194 249 3258 p.
270 3173 319 3239 27.
347 3189 460 3238 nomon
487 3173 561 3237 illud
582 3174 761 3255 paronymis
783 3172 1003 3257 adnumerans,
1030 3190 1068 3236 uc
1084 3175 1173 3253 Jore;
1209 3176 1327 3256 quippo

220 3271 320 3347 moon
340 3278 526 3336 memoratur
546 3271 650 3338 schol.
670 3273 705 3336 lt.
726 3273 789 3338 xli.
802 3273 851 3338 26.
878 3273 997 3352 Mysiae
1018 3272 1127 3335 fluvius
1150 3261 1245 3338 antea
1261 3273 1326 3337 Ca-

216 3389 308 3438 resus
329 3369 440 3453 dictus,
461 3372 511 3434 cui
531 3372 632 3436 uicino
651 3371 792 3436 Porcoto.
835 3373 883 3436 Ab
904 3372 965 3436 hoc
985 3372 1077 3452 igitur
1099 3370 1220 3434 uocalis
1243 3389 1324 3454 pcn-

217 3471 339 3536 ultimae
361 3469 482 3534 transiit
503 3468 542 3534 ad
561 3467 729 3534 derivatum
750 3477 783 3535 ut
804 3471 842 3534 ad
862 3471 1019 3550 gentilicio
1039 3470 1137 3535 solet:
1176 3470 1324 3550 Πῑοαμος

215 3565 304 3646 πόθος
323 3563 485 3651 Atpv'mv
503 3563 539 3632 τὸ
560 3563 688 3633 tuumne
703 3566 891 3653 Iicoopti'rps,
913 3562 955 3644 ὡς
975 3567 1074 3650 Αἴγυς
1086 3563 1240 3651 Amores·
1256 3562 1275 3632 ὅ
1290 3567 1323 3634 δὲ

216 3665 314 3744 τύπος
340 3662 509 3752 Αἰγύπτιος
536 3668 641 3749 Steph.
668 3671 720 3750 qui
748 3676 848 3734 tamon
869 3669 930 3732 ulia
955 3684 1078 3750 quoquo
1099 3669 1222 3748 profert
1243 3670 1324 3734 Koi-

217 3769 294 3851 βους
313 3765 401 3842 πόλις
417 3763 549 3855 Θρᾴκης,
571 3763 744 3852 Κωβούοης
763 3762 806 3844 ὥς
824 3765 969 3851 Alpicos,
991 3768 1111 3844 Μῶλος
1133 3805 1174 3817 -
1194 3767 1322 3835 Μωλύ-

286 3916 330 3985 10)
348 3917 538 3971 Nominut'runm
556 3931 607 3971 nou
625 3919 713 3985 reperi
731 3916 779 3972 scil
798 3924 934 3972 accentum
953 3921 1030 3986 posui
1049 3933 1121 3974 more
1141 3919 1233 3974 lutino.

286 4001 330 4065 tr)
348 4004 502 4070 Μεγονίτης
517 3999 633 4070 thnjao
653 3998 746 4054 florius
765 3999 840 4054 Peus.
859 4002 915 4058 vii.
933 4001 975 4070 2³,
993 4005 1018 4060 5.
1038 4002 1082 4058 ubi
1102 4003 1189 4058 nulius
1212 4010 1253 4059 tot
1271 4019 1320 4059 co-

220 4079 306 4135 dicum
325 4083 427 4150 ypsiion
446 4083 586 4140 substituit.
