2768 4994
4 443 140 508 Idem
164 459 234 506 non
262 438 366 523 λείμοξ
390 441 490 506 solum
512 443 599 507 alleri
629 445 798 509 sedetiam
824 441 928 527 δειμάς
949 447 982 527 (a
1001 443 1115 529 δειράν
1134 458 1167 514 ut

4 536 170 625 χειμών
190 535 306 623 χειμάς)
328 540 487 606 intellectu
508 543 633 624 eodem;
654 545 756 625 pullus
777 544 966 624 gallinaceus
988 547 1163 611 allioscor.

7 639 176 717 νόσσαξ
202 639 328 724 dicitur,
355 641 488 721 gallinae
508 641 601 722 uulgo
629 640 790 720 οοσοάδες,
820 643 928 708 cameli
948 643 1112 708 dromades
1132 648 1165 712 in

10 742 221 822 Geoponn.
241 734 402 820 δρόμακες,
421 733 505 813 δύας
526 741 623 821 piscis
642 741 722 806 idem
744 750 798 805 aut
818 743 928 806 similis
949 743 977 805 ci
998 747 1050 824 qui
1072 745 1166 828 alli·¹

10 848 126 904 oeta
155 833 241 914 δάαξ
269 843 400 901 uocatur
427 855 456 901 u.
485 837 532 902 Du
554 839 647 920 Gang.
675 842 714 904 ab
744 842 813 904 aliis
835 837 956 906 σύαιυο.
999 844 1164 908 Homerum

9 945 217 1003 caementa
230 936 362 1008 λβδακας
375 934 500 1018 dixisse,
521 935 641 1018 lapidos
658 940 849 1004 minusculas
868 936 1000 1016 δυδάδας
1012 941 1164 1006 Eustathii

12 1036 163 1118 opinio
186 1040 252 1098 erat
273 1053 300 1099 u.
322 1041 352 1110 ς.
374 1034 403 1099 4.
431 1033 486 1098 scd
508 1034 633 1099 codices
660 1035 713 1100 illo
736 1038 807 1103 loeo
831 1045 992 1121 utrumqne
1011 1041 1163 1122 praebent

9 1152 110 1200 neo
135 1134 280 1199 distincte
301 1132 467 1214 loquuntur
487 1136 674 1217 scriptorem
695 1138 811 1201 Aratus
832 1137 953 1218 quidem
973 1138 1094 1220 lapides
1110 1141 1163 1220 qni

12 1249 148 1298 manu
170 1233 328 1312 jaciuntur
354 1233 487 1307 tibanus
507 1235 642 1315 appellat
667 1253 694 1301 r.
720 1236 808 1301 1112.
836 1235 1016 1301 Parthenius
1036 1255 1112 1302 vero
1134 1256 1161 1304 o.
1276 1279 1278 1284 ·

13 1331 130 1396 XXI.
154 1337 184 1394 ct
206 1330 370 1411 Trypbicd.
393 1331 462 1396 612.
482 1328 623 1410 λυδάδοις,
652 1334 735 1414 quod
756 1335 888 1398 Vossius
910 1337 1002 1400 otiam
1023 1337 1065 1400 illi
1087 1337 1162 1403 red-

19 1428 186 1494 dendum
204 1436 292 1512 putat
309 1431 535 1496 substantivum
556 1430 648 1509 λάδοξ
667 1433 815 1496 nouitium
831 1450 903 1496 esse
916 1442 1012 1500 ratus.
1054 1434 1162 1516 Neque

19 1528 190 1592 discerni
223 1535 327 1610 potest
356 1537 454 1593 utrum
481 1531 640 1595 Iresionae
672 1532 807 1612 scriptor
842 1531 949 1596 sellam
983 1533 1162 1598 muliebrem

21 1621 192 1709 drappalia
218 1629 440 1709 nuncupaverit
469 1646 510 1692 an
535 1636 570 1692 ut
597 1630 726 1694 Theocr.
755 1638 784 1694 ct
811 1631 883 1695 lles.
911 1630 1056 1713 δάφρακα.
1098 1631 1160 1697 Pro

21 1723 190 1809 ἐράνακες
210 1727 314 1807 grossi
335 1726 444 1792 Athen
465 1727 514 1792 111.
531 1727 580 1794 76.
597 1729 632 1792 Ε.
656 1728 760 1792 Critici
782 1745 821 1791 en
841 1729 914 1793 Hes.
935 1730 1161 1797 substituerunt

25 1820 199 1906 ἐρινάδες,
223 1826 273 1890 cui
294 1825 392 1890 similo
414 1829 463 1890 est
483 1820 585 1900 ἐλαιάς
605 1819 624 1889 ὁ
643 1827 698 1908 τῆς
717 1821 819 1901 ἐλαίας
832 1822 952 1909 καρπός
966 1829 1064 1908 Etym.
1085 1830 1159 1895 buu.

27 1926 123 2006 179,
145 1923 196 1989 32.
218 1930 248 1988 et
268 1919 393 1998 κοτινάς
412 1925 511 1990 bacca
532 1924 659 1989 oleastri
679 1931 712 1987 nt
733 1925 863 1989 Foesius
884 1933 979 2007 putat.
1017 1925 1161 2010 Δρύακες

30 2024 220 2089 statumina
246 2025 368 2088 navium
392 2023 465 2089 Hes.
494 2029 525 2087 ct
553 2022 661 2088 codem
686 2025 751 2087 lere
769 2023 926 2088 intellectu
953 2022 1084 2106 δρυάδες
1110 2045 1159 2109 ap.

27 2122 258 2204 Plutarchum,
278 2123 338 2186 nisi
359 2122 409 2186 hic
430 2122 534 2202 potius
556 2119 591 2186 lu
604 2119 747 2205 δρυόχων
767 2122 901 2204 scripsit.
943 2124 1025 2188 luter
1046 2121 1160 2208 ὁβύοξ

33 2230 77 2288 et
111 2215 132 2304 ἡ
163 2215 241 2300 βυάς
268 2223 397 2286 interest
434 2221 615 2301 permultum
643 2229 677 2286 ut
704 2216 838 2303 μεμβράς
868 2222 1008 2301 pisciculi
1036 2241 1158 2308 nomeu,

32 2317 188 2405 μέμβροξ
208 2336 283 2383 vern
299 2319 424 2384 cicadae
447 2320 605 2400 epitheton
627 2338 646 2384 a
666 2321 762 2384 uerbo
776 2315 927 2402 βοβράζυ,
950 2329 983 2385 ut
1002 2325 1159 2408 suspicor,

35 2421 221 2486 derivatum
243 2417 322 2482 undo
342 2412 530 2500 βυβραδόυες
549 2420 615 2482 sire
630 2416 794 2501 βεμβράδες
808 2418 1065 2487 diotaeuidontur.
1095 2423 1159 2488 Sed

34 2529 151 2584 utrum
172 2519 249 2582 haec
271 2517 425 2582 distinctio
447 2524 597 2601 perpetuo
620 2535 678 2582 usu
700 2518 834 2583 stabilita
855 2533 893 2581 au
916 2519 1043 2584 lortuita
1062 2529 1090 2586 ct
1106 2521 1160 2584 in-

38 2619 172 2684 terdum
192 2615 332 2697 neglecta
353 2618 403 2699 sit,
424 2617 455 2680 in
476 2617 595 2681 incerto
617 2617 797 2681 habendum.
975 2699 993 2708 -
1149 2689 1156 2700 ,Ι

135 2721 165 2790 §.
187 2715 215 2780 6.
256 2714 363 2795 Aeque
392 2716 486 2780 cebra
512 2722 560 2780 est
586 2717 832 2779 terminationem
858 2703 901 2789 οἷς
916 2700 996 2789 etta
1018 2731 1158 2781 commu·

40 2815 140 2897 tatio,
162 2829 219 2894 par
232 2812 427 2878 librariorum
439 2813 615 2895 diffidentia,
637 2830 700 2878 non
721 2817 819 2893 major
839 2815 939 2878 nostrl
957 2814 1063 2894 judicii
1077 2816 1158 2880 lidu-

40 2917 108 2979 cia.
152 2912 246 2993 Cujus
273 2912 318 2974 rei
347 2911 487 2992 exempla
514 2914 560 2976 sio
589 2911 738 2976 ordinabo
767 2918 801 2974 ut
830 2928 942 2993 sequar
962 2914 1158 2993 partitionem

42 3029 112 3095 qua
141 3011 174 3073 in
201 3013 346 3089 ingressu
373 3011 464 3091 hujus
493 3013 646 3075 sermonis
675 3028 751 3074 usus
774 3027 850 3076 sum.
891 3012 925 3075 ln
947 3013 1045 3092 primo
1067 3013 1159 3093 igitur

41 3126 165 3193 genero
179 3108 346 3173 verbalium
364 3109 409 3189 (ς.
426 3108 451 3173 t.
465 3109 492 3192 l)
510 3118 576 3174 erat
588 3106 701 3188 πλοάς,
717 3125 778 3190 quc
792 3111 916 3174 nomine
931 3110 1043 3174 suidas
1058 3113 1158 3176 auium

43 3209 189 3290 speciem
211 3208 375 3283 signihcari
397 3208 489 3272 tradit
510 3208 665 3274 natatilem
684 3214 718 3272 nt
737 3206 876 3288 ridetur3
899 3215 929 3272 at
949 3208 1076 3282 πλοίδες
1096 3225 1159 3273 uo-

43 3315 161 3374 cantur
181 3306 409 3387 Stymphalides
425 3306 528 3371 itidem
550 3306 713 3372 enatando
727 3314 761 3370 ut
776 3307 880 3372 Sobol.
893 3307 996 3387 Apoll.
1009 3307 1045 3370 ll.
1066 3305 1155 3371 1057.

44 3410 102 3471 ait.
123 3407 154 3468 h
165 3421 229 3468 nnn
242 3405 389 3486 puris(ll)
401 3404 507 3480 δοκνίς
522 3397 635 3486 ὀρνέου
647 3400 727 3480 εἶδος
736 3406 808 3471 llos.
820 3404 903 3486 quod
916 3421 1014 3484 genus
1030 3404 1156 3467 abesto

47 3508 175 3570 docuos
196 3506 371 3567 nominatur
392 3510 423 3568 et
436 3506 536 3582 uersis
551 3505 670 3570 uicibus
693 3504 894 3570 aGolnmella
907 3503 1061 3584 bosctdes,
1079 3518 1156 3582 quas

47 3604 162 3669 Graeci
182 3596 331 3686 βοσκάδες
344 3602 457 3686 dicunt,
478 3603 618 3684 idemque
635 3603 677 3665 illi
691 3602 777 3667 reddi
795 3604 892 3684 jussit
912 3603 947 3665 ll.
963 3601 1156 3681 Stephanus3

46 3702 148 3776 κδοοίς
164 3703 196 3766 in
218 3718 278 3765 nnc
294 3701 409 3766 Cratini
430 3701 501 3765 looo
523 3701 636 3766 lectum
658 3701 853 3765 tricliniarem
867 3699 1026 3780 signincat,
1050 3693 1157 3772 κλιυάς

46 3807 82 3868 in
105 3801 167 3865 alio
189 3799 315 3864 Eusebii
336 3799 443 3863 sellam
466 3801 617 3880 onrulem;
637 3793 737 3873 τύποις
757 3799 853 3864 semel
866 3798 977 3879 legitm
990 3798 1022 3858 in
1037 3797 1155 3877 Fragm.

51 3899 239 3982 Sophoclis,
259 3898 347 3972 τυπείς
368 3900 504 3982 saepius,
528 3914 625 3980 eaque
647 3905 797 3962 consueta
819 3903 867 3961 est
885 3898 1156 3960 instrumentorum

51 3999 221 4083 appellatio
243 3997 363 4079 γλυφάς,
385 3997 507 4079 ypepis,
530 3995 644 4080 ῥαφάς,
664 3996 786 4079 caepta,
809 3995 938 4078 σφαγάς,
961 3993 1039 4073 fiola,
1061 3994 1155 4076 δοράς,

50 4097 144 4182 βολίς,
164 4097 263 4178 κοπίς,
283 4096 379 4178 τομάς,
401 4113 534 4179 qnorum.
550 4095 698 4162 nonnulla
719 4094 885 4162 adhaerent
900 4095 1079 4160 masculinis
1097 4115 1156 4159 κο-

86 4213 196 4263 ιυουοο.
212 4213 347 4276 raruoug.
911 4192 952 4260 29
