2768 4994
142 284 194 349 DE
209 282 304 349 ΝΟΜ.
319 280 484 360 QUORUM
496 280 609 348 GMAR.
622 281 699 347 EST
716 278 846 346 siaul.
870 281 903 346 C.
917 283 953 349 ll.
973 291 1003 360 §.
1019 285 1048 351 3.
1080 285 1151 356 42⁰

5 450 190 515 noscitur
210 456 240 514 at
263 447 323 513 duo
346 447 512 530 adjeotira,
541 463 633 511 unnur
659 447 873 528 perantiquum
899 442 1039 531 τηΰσιος,
1068 451 1152 534 qnod

5 549 243 614 Herodianus
273 565 329 630 per
350 546 528 629 prosthesin
556 551 587 608 et
607 544 739 624 dialysin
766 561 805 610 ex
827 541 936 620 αὕτιος
957 549 1067 614 laetum
1088 567 1151 632 pn„

5 651 125 713 tavit
153 649 219 714 EM.
251 646 326 730 111,
355 647 403 712 10.
429 646 490 709 hoo
520 651 621 708 autern
643 644 681 707 ab
702 635 806 716 αὕτως
824 647 1008 725 repetivisse
1029 650 1150 714 ridetur

5 753 77 809 ui
104 741 256 828 antapodo
281 738 412 826 κτήσιος,
440 743 574 816 πλοῦτος
601 737 763 820 πλούσιος,
794 743 850 807 sed
879 744 981 809 Sahal.
1014 745 1068 812 od.
1098 749 1147 813 111.

5 844 117 911 316.
141 861 181 909 ex
201 838 342 926 ἐτηΰσιος
361 844 423 907 lroo
444 849 509 926 est,
530 849 623 925 puto,
651 859 690 905 err
710 837 784 921 ἔτος,
807 844 1026 923 praetermisso
1049 847 1150 926 apsilo

5 950 75 1007 ut
98 939 223 1025 τήτυμα
244 936 347 1025 ἀληθῆ
376 941 508 1021 Hasyolr.
536 939 620 1022 qnod
646 941 784 1006 nonnulli
813 941 1003 1006 decurtatum
1032 951 1150 1025 putent.

5 1042 186 1106 Alterum
215 1047 264 1106 est
291 1041 330 1105 ab
364 1034 509 1120 ἄντικρυς
541 1032 738 1120 ἀντικρύοιος
765 1039 900 1120 'lheopn
932 1041 1006 1124 125,
1036 1042 1064 1108 2.
1094 1043 1150 1110 aad

11 1157 244 1221 summopere
273 1145 452 1219 suspectum
480 1145 511 1203 at
538 1143 665 1220 proptor
691 1155 727 1203 sa
754 1145 785 1203 et
813 1139 853 1204 ob
874 1138 1033 1204 vindicem.
1054 1175 1096 1189 -
1111 1135 1151 1206 Ὁ

14 1235 104 1323 μὲν
126 1234 178 1303 διὰ
197 1240 257 1302 τοῦ
273 1223 372 1313 an-aio
394 1231 546 1320 Ῥηγίνων
567 1233 668 1314 ἐστὶν,
696 1232 760 1301 ἐπεὶ
783 1233 912 1322 συνεχὴς
937 1231 1012 1321 παρ’
1042 1233 1150 1315 αὐτοῖς

17 1333 111 1402 ἀπὸ
133 1340 254 1422 γενικῆς
274 1337 405 1420 γίνεται,
434 1331 560 1400 ἀνάκοιν
584 1329 772 1415 ἀνακρίσιος,
799 1338 933 1420 χαρίτων
958 1333 1149 1419 χαριτόοιος.

7 1433 79 1500 Ὃ
102 1432 139 1500 di
158 1431 211 1500 dada
230 1440 288 1502 τοῦ
311 1424 412 1511 &eo-9
429 1430 584 1513 Αἰολέων,
603 1428 748 1510 'Al-alveos
769 1437 843 1519 (sur.
867 1431 1046 1520 eudemo),
1067 1459 1150 1503 παν·-

22 1531 168 1616 τιόνιος,
190 1533 356 1616 ἑτερώνιος,
379 1530 536 1609 ἑλικώνιος
557 1535 655 1598 Craul.
679 1536 712 1600 T.
732 1535 780 1600 iv,
801 1534 871 1600 329.
892 1553 1021 1618 quorum
1038 1547 1153 1620 poste-

26 1639 163 1701 riorem
185 1643 302 1716 parturn
323 1635 456 1718 explicui
477 1633 517 1700 ad
536 1635 646 1698 Buttrn.
667 1633 738 1699 106.
759 1635 791 1697 11
805 1634 918 1718 priore,
932 1653 1011 1716 quaa
1025 1641 1151 1720 proprie

28 1737 140 1815 hujus
162 1740 211 1798 est
231 1734 302 1818 loci,
324 1752 382 1815 pro
403 1728 530 1797 ἀνιίκων
551 1734 695 1814 suspicor
716 1731 909 1797 soribandnm
932 1751 1003 1798 essa
1024 1731 1152 1803 ἀκάτιον

27 1829 250 1914 Damouras,
282 1832 366 1915 quod
392 1834 494 1913 ipsum
520 1832 641 1914 quidem
662 1848 726 1896 non
746 1831 857 1912 legitur
878 1830 934 1895 sed
957 1832 1152 1904 Grammatioi

37 1935 199 2016 posuisse
220 1932 361 1996 videntur
382 1931 422 1995 ad
444 1931 655 2012 explicandum
677 1931 820 1994 Mercurii
848 1947 959 1994 nornen
986 1927 1153 2015 ιἰκακήοιος

41 2029 65 2098 ὁ
87 2031 222 2116 μηδενὸς
241 2033 342 2095 κακοῦ
362 2029 529 2110 παραίτιος.
572 2029 732 2105 Quomodo
763 2031 841 2093 euim
867 2029 1001 2111 Neptuni
1021 2034 1054 2096 in
1075 2035 1152 2100 urbo

42 2133 158 2198 Heliou
180 2131 356 2195 consecrati
376 2131 534 2210 epitheton
550 2122 728 2203 Ἑλικοίνιος
754 2146 773 2192 a
793 2129 927 2209 genitivo
959 2130 1069 2213 plurali
1090 2150 1153 2198 no·-

45 2224 452 2312 111111Ἑλίκη1111111111
481 2245 553 2292 essa
573 2229 752 2308 voluerunt,
783 2231 871 2307 eujus
898 2226 1033 2308 legitima
1059 2231 1153 2297 inoli-

46 2332 139 2394 natio
161 2323 414 2411 aululariam,
444 2328 490 2390 sie
521 2328 587 2390 reri
614 2327 713 2392 simile
741 2332 790 2390 ast
818 2326 985 2390 nonnullos
1014 2329 1093 2394 hano
1120 2333 1153 2398 in

50 2430 231 2511 opinionem
254 2428 440 2492 discessisse
460 2431 494 2488 ut
514 2425 696 2489 Mercurium
718 2426 757 2489 ab
778 2425 927 2489 Aeolioos
951 2419 1151 2524 Ἀκακώνιον,

50 2546 71 2591 1
92 2529 239 2608 Rheginis
257 2520 442 2608 Ἀκακήσιον
462 2531 605 2589 vooetunr
627 2532 778 2608 putarent.
819 2526 885 2589 Neo
901 2523 1083 2607 poposuimus
1095 2529 1153 2594 da-

51 2619 541 2709 11111111111111χαριτήοιος
563 2630 608 2705 et,
637 2623 719 2706 quod
740 2641 803 2688 non
825 2627 989 2705 oportebat
1010 2636 1153 2707 praeter-

51 2727 139 2809 mitti,
162 2721 285 2800 ἐτώσιος
304 2718 389 2804 παρὰ
407 2718 444 2786 τὸ
465 2716 533 2796 ἐτός
554 2716 572 2784 ὁ
593 2716 713 2805 ἀληθής
732 2716 796 2788 κατ’
818 2718 1003 2808 ἀντίφραοιν
1023 2726 1073 2790 vel
1095 2745 1152 2808 pro

54 2819 202 2899 ἆαιώοιος
222 2830 255 2888 ut
277 2823 465 2904 fabulantur,
493 2820 594 2884 demto
615 2821 707 2915 alpMa
728 2825 897 2904 privativ03
924 2841 983 2888 neo
1011 2834 1154 2906 praetor-

53 2925 184 2988 missum
206 2929 255 2987 est
276 2922 314 2986 ab
335 2923 401 2987 EM.
422 2921 455 2984 αλ
481 2915 533 2984 διὰ
559 2921 617 2983 τοῦ
644 2941 691 2994 ιος
710 2918 869 3004 γινόμεναι
888 2922 1071 3006 παραγωγαὶ
1092 2919 1154 2990 ιἰιιὸ

54 3023 178 3104 γενικῆς
196 3022 260 3084 τῶν
280 3021 500 3104 πληθυντικῶν
519 3018 609 3101 διχῶς
629 3021 868 3103 σχηματίζονται·
889 3016 908 3105 ἡ
928 3018 985 3104 μὲν
1008 3025 1074 3086 τῶν
1088 3017 1156 3108 Ῥη-

56 3123 154 3202 γίνων
174 3115 330 3196 διάλεκτος
350 3116 400 3184 διὰ
420 3122 478 3184 τοῦ
499 3110 527 3198 ο,
548 3115 681 3198 ἐτώσιος,
704 3113 723 3202 ἡ
745 3116 778 3183 δὲ
797 3123 860 3184 τῶν
879 3118 1019 3186 Αἰολέων
1031 3118 1083 3188 διὰ
1096 3126 1156 3188 τοῦ

58 3213 279 3293 ιἰἙλικώνιος.
320 3220 361 3284 Ul
377 3215 553 3293 Ἑλικώνιος
575 3225 604 3283 et
621 3212 809 3302 Ἑλικήσιος,
839 3221 885 3285 sio
906 3223 997 3286 oliam
1020 3223 1156 3304 Stepha-

57 3317 232 3382 duelliferi·
257 3314 446 3400 Τιταριόνιος
474 3325 505 3383 et
529 3313 728 3400 Τιταρήσιος,
756 3320 856 3384 huda
882 3321 1022 3402 Τίταρος,
1043 3321 1158 3385 illude

66 3413 216 3502 Τιταρών,
239 3435 277 3482 ex
297 3435 358 3500 quo
378 3418 457 3482 idern
478 3418 607 3499 Mopsus
631 3418 669 3481 ab
690 3419 827 3485 llesiodo
854 3417 1035 3503 Τιταρήσιος
1048 3419 1160 3501 appel-

61 3519 151 3600 latur,
172 3534 191 3580 1
209 3518 413 3598 Lycophrona
440 3513 640 3598 Τιταριίνιιος
660 3534 688 3582 r.
708 3517 779 3584 881.
802 3536 869 3584 ourn
883 3519 1045 3583 metathesi
1058 3533 1160 3598 quana

63 3617 176 3696 titatis3
197 3631 267 3680 narn
293 3617 422 3696 Πταρος
443 3617 569 3697 primaru
590 3617 713 3695 longam
731 3617 833 3701 habat,
847 3618 1013 3682 sooundarn
1025 3616 1160 3699 brevoin,

62 3717 93 3778 in
121 3714 277 3795 gentilicio
313 3721 422 3779 eontra
450 3720 506 3779 est.
556 3709 730 3796 Κιρβήοιος
758 3715 908 3795 Phrygiae
940 3716 1029 3779 loeus
1059 3715 1161 3779 Stralo.

63 3813 125 3878 xil.
146 3812 216 3878 580.
236 3814 373 3878 lortassa
394 3831 413 3880 1
433 3810 563 3896 Κέρβης,
585 3811 668 3894 quod
687 3813 880 3877 Herodianus
903 3814 1001 3878 Grani.
1022 3813 1071 3877 Ml.
1091 3812 1162 3878 241.

64 3911 144 3976 duvii
164 3927 277 3974 nomeu
298 3929 371 3976 essa
397 3911 503 3992 tradit;
531 3907 657 3995 Κτβρήν
685 3917 785 3976 autern
813 3914 869 3976 luit
897 3911 1026 3978 Troadis
1053 3911 1162 3975 durius

64 4009 143 4076 unda
170 4011 257 4092 ragio
278 4011 444 4094 Κεβρηνία.
486 4011 527 4076 Et
547 4009 717 4092 1111111111
745 4010 897 4077 atlrnionnr
925 4004 1084 4094 Κορήτας
1101 4026 1164 4074 no-

65 4111 113 4176 bis
141 4110 317 4192 opinionaro
349 4110 437 4176 allart
463 4127 527 4176 non
555 4108 655 4175 solum
684 4103 805 4192 Κόραν
829 4111 862 4174 11
891 4127 949 4176 usu
983 4109 1081 4175 inissa
1109 4106 1165 4174 sad
