2788 4986
233 276 273 348 ld
609 271 929 342 bissonlnlto
964 273 986 337 l

231 443 358 526 recisis,
385 457 464 526 quus
490 443 552 524 ipsi
579 438 709 523 provide
735 437 1014 520 subscripsissent,
1044 438 1192 503 clausulis
1215 441 1344 504 cautio-

231 543 384 624 cibusque
420 539 460 606 ad
490 539 680 605 intellectum
707 539 906 603 necessariis.
960 535 1078 602 Deinde
1113 540 1343 602 contrariorum

230 642 441 724 exemplorum
467 655 531 703 non
556 653 657 720 pauca
683 636 832 704 mendose
854 639 973 719 scripta
1000 655 1072 702 esse
1099 644 1267 718 arguerent
1289 645 1345 701 cut

231 745 379 823 accentu,
408 754 498 820 quem
524 737 587 818 ipsi
614 739 868 821 constituissent,
900 743 1018 802 mutato
1040 742 1093 799 ant
1115 737 1342 802 terminatione.

229 839 315 906 llccc
344 842 446 902 antem
475 849 566 915 quam
588 834 678 899 facilc
700 841 931 919 corrumpatur,
962 853 1014 899 res
1035 835 1106 916 ipsa
1125 834 1280 916 loquitur5
1310 842 1343 899 et

230 943 356 1004 manent
383 933 594 1014 corruptionis
622 933 755 1013 vestigia
781 934 813 998 in
833 934 883 997 bis
903 934 983 1014 ipsis
1004 933 1181 1017 vocubulis,
1208 950 1341 1015 quorum

231 1035 415 1118 significatio
438 1030 617 1114 ambigitur,
643 1026 746 1106 πόθος
767 1039 798 1096 et
817 1026 904 1115 ποθή
925 1033 958 1095 in
978 1033 1104 1097 itamari
1125 1033 1229 1116 libris,
1258 1031 1341 1114 apud

230 1132 399 1200 llasiodum
420 1123 514 1213 ἀτμός
535 1137 566 1195 at
586 1122 681 1213 ἀκμή,
709 1148 790 1212 quae
812 1138 843 1196 et
864 1132 895 1194 in
916 1131 1017 1195 Strub.
1037 1131 1100 1197 XV.
1121 1131 1191 1198 711.
1212 1132 1341 1195 raman-

232 1240 290 1316 tur,
317 1226 472 1298 σκύταλον
494 1237 525 1294 el
542 1224 680 1313 onmem
700 1229 813 1294 Herod.
826 1230 875 1294 111.
891 1229 958 1296 137.
979 1234 1084 1304 κοῖτος
1101 1237 1132 1294 el
1149 1230 1239 1312 crolup
1258 1229 1341 1311 apud

230 1331 312 1398 lrnnc
334 1337 365 1398 et
386 1330 467 1395 alios
488 1348 516 1396 u.
537 1329 652 1394 Jacobs
674 1326 714 1392 ad
732 1327 800 1392 nel.
820 1327 854 1392 ll.
874 1327 923 1412 11,
938 1328 967 1394 2.
994 1324 1133 1412 κάλαμος
1160 1336 1191 1393 et
1217 1325 1341 1412 καλάμη

231 1430 360 1510 Dionys.
381 1431 466 1494 butt.
487 1429 521 1493 V.
544 1427 592 1493 13.
614 1435 645 1493 et
673 1425 757 1492 Suid
786 1443 812 1491 s,
841 1420 992 1505 Κάνναις,
1007 1428 1036 1469 1³
1065 1426 1106 1493 ad
1132 1428 1210 1492 baec
1235 1429 1342 1510 κῶμος

233 1536 266 1594 et
292 1523 381 1612 ucipp
408 1529 440 1592 in
466 1525 639 1590 Antimacbi
667 1541 760 1591 vorsu
788 1524 826 1592 de
854 1541 916 1606 qno
945 1527 1008 1606 agit
1028 1525 1280 1591 llemsterlrusius
1301 1527 1341 1591 ad

232 1627 311 1694 Plut.
331 1643 360 1692 v.
379 1626 429 1692 33.
455 1618 572 1708 πλευρά
599 1632 630 1690 et
650 1624 780 1706 πλευραί
799 1625 891 1690 Antlr.
908 1624 988 1705 App.
1009 1639 1039 1688 n.
1058 1624 1108 1708 54,
1130 1625 1159 1690 3.
1181 1643 1340 1707 saepeque

233 1726 315 1794 olibi.
365 1726 399 1790 lu
420 1730 551 1792 accentu
572 1731 674 1788 autern
695 1723 809 1804 ubique
830 1722 977 1788 fluctuant
995 1723 1086 1806 τίιθη
1107 1731 1139 1788 et
1158 1719 1251 1808 τιννὴ
1272 1727 1340 1789 sive

232 1819 339 1900 τιτθός
359 1843 387 1891 ν.
410 1821 587 1888 Schneider.
609 1821 648 1887 ad
668 1822 746 1887 Plut.
768 1822 832 1886 Cir.
855 1823 887 1886 T.
907 1821 929 1886 1.
950 1821 999 1886 56.
1021 1838 1079 1888 nec
1100 1839 1172 1886 raro
1194 1818 1288 1898 δάκος
1310 1831 1340 1888 et

232 1919 327 2000 ὅοκός
361 1941 390 1987 v.
421 1922 563 1986 Karsten.
592 1919 631 1986 ad
657 1921 838 2002 llcncpban.
866 1921 942 1986 XIV.
965 1922 1015 1988 53.
1042 1937 1123 2004 quae
1146 1924 1340 2004 grammatici

233 2020 467 2104 significationis
489 2035 586 2084 causa
607 2019 753 2100 distingui
778 2021 889 2101 jubent
915 2020 1014 2086 Crem.
1035 2022 1057 2086 l.
1079 2019 1149 2086 223.
1176 2017 1340 2098 πλαθανός

233 2121 301 2192 sive
327 2112 493 2186 ολοθονόν
526 2119 652 2199 saepius
686 2119 871 2199 berytonum
906 2125 955 2183 ost
982 2121 1064 2184 sicut
1088 2115 1235 2204 πλαθάιη
1260 2138 1339 2202 pro-

232 2222 393 2304 priumque
418 2211 572 2300 Πλαθάνη
593 2217 752 2298 mistopb.
774 2222 805 2282 et
825 2217 902 2282 Plut.
924 2217 958 2282 ll.
978 2217 1073 2282 lsocr.
1087 2218 1136 2283 ill.
1156 2213 1195 2282 ecl
1214 2214 1339 2303 χήραμα

232 2319 300 2386 Nic.
323 2318 376 2384 Tb.
398 2316 447 2383 55.
474 2317 507 2380 in
528 2315 595 2382 cod.
625 2316 725 2382 Goett.
753 2317 873 2380 acuitur
902 2317 1136 2381 convenientius
1164 2333 1338 2399 synonymo

232 2407 655 2502 χηραμός,19τιμός1οενὴ.
678 2414 730 2480 Clu.
751 2415 821 2482 906.
843 2413 894 2480 din
916 2415 1048 2479 obtinuit
1067 2433 1124 2497 pro
1143 2421 1238 2500 τῖμος.
1273 2419 1340 2484 liae

233 2533 309 2582 vero
338 2514 446 2579 turbae
473 2529 537 2578 non
563 2529 662 2594 nuper
689 2511 808 2578 demum
836 2513 1003 2578 extiterunt
1030 2514 1087 2579 scd
1109 2518 1175 2596 jum
1201 2515 1273 2582 inde
1300 2517 1340 2582 ab

233 2615 322 2684 initio
344 2613 550 2693 disceptatum
571 2619 621 2678 est
641 2619 741 2676 utrum
760 2606 877 2695 βλαοτή
898 2612 1094 2678 scribendum
1117 2615 1158 2679 sit
1173 2611 1341 2701 antttdorp

234 2715 308 2782 Ano.
329 2711 397 2778 111.
419 2710 466 2775 sio
487 2718 521 2774 ut
541 2706 641 2795 ἄνθη,
672 2706 767 2795 αὔξη,
795 2706 892 2795 cdxc,
923 2728 1003 2793 quae
1024 2713 1119 2778 attica
1140 2714 1341 2795 perhibentur

234 2830 292 2897 pro
314 2805 478 2896 βλάστησις
498 2817 556 2875 etc.
571 2811 601 2854 ²⁰
620 2812 693 2876 item
713 2805 833 2894 ὄροφός
852 2825 892 2874 an
919 2806 1038 2894 ὄροφος
1058 2813 1163 2878 senui.
1181 2814 1214 2878 ll
1233 2815 1338 2880 XXIV.

234 2908 410 2992 451..quod
431 2907 471 2974 ad
492 2907 716 2989 dijudicandum
737 2926 874 2975 canonos
894 2908 939 2973 illi
959 2911 1034 2974 nibil
1053 2912 1158 2975 emilii
1170 2914 1339 2996 praebent3

233 3028 305 3078 llum
324 3008 482 3076 Diodorus
502 3008 592 3093 ltili,
613 3009 663 3076 82.
686 3003 703 3074 ὁ
724 3011 783 3074 τοῦ
802 3009 938 3091 βλαστοῦ
957 3003 1064 3090 καιρός
1090 3008 1166 3074 cinit
1187 3028 1245 3092 pro
1266 3014 1338 3096 βλα-

232 3108 305 3195 οτή,
327 3124 408 3192 quae
428 3108 567 3190 plerique
588 3108 787 3193 distinguunt,
808 3108 953 3191 quodque
974 3109 1102 3176 Plotius
1125 3108 1198 3175 dicit
1219 3105 1339 3196 ὄροφος

232 3207 287 3276 καὶ
305 3203 326 3294 ἡ
347 3202 452 3290 ὀροφή
478 3200 627 3292 poem,
659 3209 743 3273 ualet
770 3207 809 3273 de
828 3209 941 3272 Atticis
963 3215 995 3272 et
1015 3208 1173 3290 plerisque
1192 3211 1339 3278 scriben-

302 3440 346 3510 18)
365 3438 461 3494 lebill.
487 3439 541 3495 lat.
562 3439 605 3494 lv.
622 3439 648 3508 3,
665 3438 709 3496 bl.
734 3436 765 3490 τὸ
790 3437 899 3508 ὄρυγμα
922 3433 1133 3488 ἐπικαλύπτοοοι
1156 3437 1269 3510 καλάμη
1291 3445 1339 3496 καλ

232 3523 356 3595 χώματι·
384 3520 437 3576 ὑπὸ
462 3522 492 3576 δὲ
509 3521 629 3588 τὴντῶν
650 3519 783 3590 καλάμων
798 3518 929 3590 μηχανήν
944 3525 995 3576 etc.
1014 3518 1060 3574 ubi
1079 3520 1218 3588 singularis
1235 3529 1338 3582 numeri

232 3623 328 3664 nomen
350 3605 481 3675 signifieat
502 3613 588 3662 struto
604 3621 711 3675 ινμακο
727 3606 832 3674 lapsuro
849 3605 960 3673 uirgulta
975 3605 1030 3658 eolo
1048 3602 1183 3660 Claudiam.
1204 3605 1239 3664 de
1258 3607 1337 3666 Cous.

231 3691 332 3750 Stilich.
350 3690 398 3746 111.
419 3691 477 3748 340.

301 3781 345 3850 19)
368 3782 443 3844 Quae
465 3781 642 3837 Schneidcrus
668 3783 696 3836 in
719 3779 779 3836 Cor.
804 3783 874 3838 Post.
901 3779 934 3835 ad
957 3779 983 3834 b.
1002 3795 1027 3836 v.
1047 3778 1081 3836 de
1099 3779 1188 3836 Sebol.
1210 3782 1288 3838 Hom.
1313 3790 1338 3855 et

231 3865 289 3922 llll.
307 3870 408 3932 narret,
427 3865 493 3921 lulsa
512 3870 571 3920 sunt
588 3867 682 3919 cronia.

298 3949 345 4017 20)
362 3947 452 4005 Schol.
472 3950 545 4005 Pind.
566 3949 640 4006 Nem.
659 3948 701 4004 lll.
721 3949 762 4006 16.
791 3948 907 4017 Theogn.
923 3946 1007 4004 Cram.
1023 3948 1057 4004 ll.
1077 3948 1133 4006 115.
1153 3949 1201 4004 lll.
1216 3951 1278 4009 249.
1293 3953 1337 4021 qui

232 4033 408 4091 Herodianum
428 4035 494 4099 αὔξη
514 4035 653 4102 scripsisse
678 4033 789 4100 addunt,
815 4032 849 4089 dc
873 4034 982 4100 ceteris,
1008 4044 1077 4099 qnae
1094 4034 1189 4087 nostris
1214 4034 1336 4088 inlibris

233 4117 357 4186 berytona
374 4123 446 4186 snut,
463 4118 554 4174 dicere
572 4116 654 4171 obliti.
