2772 4992
72 255 135 320 DE
152 254 249 321 ΝΟΜ.
264 253 429 332 QUORUM
446 255 558 320 edan.
570 254 647 320 bsr
659 255 865 321 bannalis,
886 257 918 320 C.
935 260 982 322 IV.
1001 268 1031 334 §.
1042 261 1069 324 l.
1096 265 1165 334 369

34 421 193 485 tbiadem
224 421 356 502 puellam
385 421 417 484 in
444 420 602 484 mustelam
628 426 775 485 mutatam
803 422 921 504 ierunt,
951 427 1115 492 manifesto
1145 449 1164 494 a

26 522 134 603 γαλῆ
167 520 351 585 derivarunt.
408 520 515 601 Neque
546 521 812 600 praetermittenda
839 522 918 586 duco
951 517 1103 602 ὑάκινθος
1134 540 1164 596 οι

31 623 253 702 vaccinium,
288 635 417 700 quorum
448 619 590 697 cognatio
615 621 679 697 jam
707 636 726 682 a
749 619 816 684 Ger.
837 622 951 686 Vossio
980 631 1009 686 et
1033 626 1161 692 Martino

34 718 274 784 animadversa
296 723 354 780 est.
396 717 436 780 Et
456 734 513 797 pro
536 717 634 781 altera
654 718 756 781 vocali
777 720 899 783 aderam
919 716 1076 802 βόλυνθος
1096 729 1162 794 sive

30 814 231 901 βόλυνθον,
260 815 343 898 quod
371 815 451 880 idem
479 815 561 878 valet
588 822 678 896 atque
704 813 848 898 βόλβιτου
875 823 1109 899 ejectamentum
1131 837 1162 893 ct

35 919 86 982 ab
115 917 229 982 eodem
248 912 341 998 βόλος
360 915 483 979 ductum
507 921 562 998 est,
588 910 728 996 κόρυθος
747 917 813 980 avis
835 918 976 997 galeatae
996 937 1108 989 nomen
1130 935 1168 990 et

32 1012 216 1096 κόρυνθος
233 1007 417 1092 ἀλεκτρυών.
459 1014 554 1078 Multa
583 1032 639 1094 pro
667 1014 840 1097 desperatis
868 1016 1067 1099 relinquenda
1088 1035 1161 1088 srmt

32 1117 216 1195 utriusque
237 1114 356 1178 vocalis
379 1112 534 1195 exempla,
557 1108 731 1194 άοάμινθος
751 1132 812 1196 quo
834 1132 897 1179 non
918 1117 1018 1182 solum
1041 1119 1159 1188 labrum

34 1214 106 1279 sed
131 1215 224 1277 etiam
247 1214 327 1276 cista
354 1217 384 1274 et
410 1211 474 1274 πᾶν
501 1206 537 1274 τὸ
564 1215 671 1274 κοῖλον
696 1214 899 1293 significatur,
927 1211 1074 1297 βόλινθος
1098 1221 1160 1285 bo-

36 1329 153 1377 nasus
178 1317 209 1376 et
234 1307 445 1394 λαβύρινθος,
472 1327 552 1391 quae
577 1328 616 1374 ne
637 1327 751 1391 graeca
772 1312 892 1393 quidem
920 1323 1101 1400 censentur,
1129 1325 1160 1384 et

33 1412 185 1476 maxime
206 1411 332 1492 propria
351 1404 527 1490 Κόρινθος,
552 1405 723 1488 Πέρινθος,
747 1407 909 1492 Σάρινθος
931 1414 1056 1498 Cretae,
1084 1413 1159 1482 Πά-

34 1513 164 1591 ρινθος
185 1509 294 1572 Cariae
313 1509 418 1588 Steph,
450 1501 660 1589 Πρεπέσινθος
686 1510 736 1572 vel
763 1506 799 1573 τὸ
823 1507 1040 1590 Πρεττὲσινθον
1057 1517 1159 1580 insula

37 1607 158 1674 Schol.
186 1609 274 1671 Dion.
298 1606 366 1672 132.
400 1601 562 1682 Πάλινθος
588 1608 676 1672 locus
702 1609 733 1671 in
761 1611 829 1673 soro
851 1612 1034 1691 Argivorum
1057 1615 1157 1680 Strab.

39 1707 127 1770 VIII.
160 1705 230 1770 371.
254 1699 452 1786 Ἀμάρυνθος
480 1707 568 1770 vicus
595 1707 742 1770 Euboeae
773 1715 803 1769 et
831 1705 1022 1786 Κόοκυνθος
1048 1713 1156 1780 dumus

42 1815 148 1886 atquc
168 1797 362 1887 Ἀράκυνθος
382 1821 471 1868 mons
494 1804 640 1887 ejusdem,
665 1799 831 1878 Ζάκυνθος
847 1807 945 1870 insula
969 1818 1026 1874 etc.

507 2002 612 2066 CAP.
642 2001 694 2066 lv.

444 2143 480 2208 D
519 2163 538 2208 e
613 2147 627 2207 i
665 2163 687 2208 α
727 2163 761 2208 α.

135 2311 164 2377 θ.
188 2303 215 2367 1.
260 2303 362 2367 Scltol.
388 2305 482 2368 Arist.
512 2303 587 2367 leb.
615 2301 684 2367 994.
713 2299 804 2385 ὄρχος
827 2301 880 2368 καὶ
899 2299 1028 2388 ὄρχατος
1055 2312 1155 2392 στίχος

43 2398 194 2484 ἀμπέλων
213 2395 235 2481 ἢ
255 2395 366 2482 ἑτέρων
392 2403 502 2485 φυτῶν
520 2397 605 2480 παρὰ
625 2397 660 2464 τὸ
677 2399 833 2485 ἔρχεσθαι,
856 2405 971 2468 rectius
992 2405 1043 2469 ille
1065 2425 1155 2488 quara

43 2505 112 2566 ΕΜ.
137 2501 208 2583 634,
231 2501 279 2565 34.
296 2509 326 2565 et
348 2502 418 2566 sol.
442 2496 613 2566 Tbcoorsl.
635 2503 684 2567 48.
707 2498 798 2584 ὄρχος
819 2497 836 2567 ὁ
857 2497 976 2586 βόθρος
997 2502 1039 2577 εἰς
1060 2499 1078 2566 ὃ
1101 2501 1154 2566 εὐ-

44 2603 166 2664 τίθεται
194 2595 231 2663 τὸ
265 2594 366 2683 φυτὸν
393 2598 479 2680 παρὰ
503 2598 540 2664 τὸ
568 2594 708 2682 doddoni,
745 2597 874 2684 ὄρχατος
900 2596 933 2664 δὲ
960 2595 978 2684 ἡ
1007 2598 1155 2684 ἐπίστιχος

48 2701 162 2782 φυτεία
185 2693 271 2781 τιαρά
291 2693 327 2762 τὸ
354 2695 495 2781 ἔρχεσθαι
518 2702 555 2765 ci.
575 2701 699 2764 Jacobs.
722 2701 760 2765 ad
780 2701 889 2765 Acbill.
912 2699 980 2765 756.
1016 2702 1154 2766 Alterum

47 2816 289 2880 paronvmornm
310 2805 359 2864 est
379 2794 504 2879 ἕρκατος
523 2795 665 2882 φρανμός
684 2801 757 2865 lles.
780 2802 891 2865 Cetera
911 2817 930 2861 a
951 2799 1054 2863 verbis
1076 2818 1154 2881 pro-

47 2900 226 2962 boIscnntur
253 2896 429 2978 etquidem
456 2899 617 2978 primitivis
644 2896 798 2977 θάνατος,
834 2894 978 2980 κάματος,
1007 2894 1153 2982 Κτέατος,

47 2991 220 3077 κτεάτειρα,
250 2996 332 3076 quod
360 3013 379 3059 a
405 2997 574 3062 masculino
602 2995 724 3082 κτήτωρ
746 3000 792 3063 sic
812 2998 910 3062 diflert
931 3003 964 3060 ut
985 2992 1114 3061 κτέανον
1135 3016 1154 3062 a

49 3098 169 3179 κτῆνος.
211 3095 296 3158 llaec
316 3100 416 3158 autem
444 3097 563 3160 vocalis
590 3107 749 3162 reservata
771 3105 818 3161 est
839 3096 1000 3176 adjectivis
1022 3104 1055 3161 nt
1077 3101 1154 3179 θυη-

49 3190 116 3272 τός,
144 3187 273 3274 κλυτός,
302 3200 332 3256 et
354 3195 555 3259 substantivis
578 3213 657 3278 quae
679 3215 697 3259 a
718 3196 822 3259 verbIs
844 3196 1046 3260 circumflexis
1068 3194 1154 3259 deri-

50 3302 119 3358 vata
140 3300 213 3357 sunt
234 3286 363 3374 άλόητος
383 3298 440 3356 etc.
477 3294 524 3357 Ab
545 3296 658 3375 ignotis
677 3294 831 3359 radichus
849 3295 1057 3374 germinarunt
1073 3289 1153 3358 άκα-

49 3415 109 3472 τος,
130 3388 292 3475 κράβατος,
307 3386 448 3469 Ἕκατος,
473 3393 555 3473 qnod
577 3402 698 3458 veteres
721 3393 759 3458 ad
780 3389 851 3466 ἑκάς
871 3398 1029 3456 revocant.
1051 3394 1153 3457 Femi-

51 3496 188 3556 ninorum
210 3492 326 3572 primae
348 3489 562 3555 declinationis
584 3493 731 3575 pleraque
752 3494 844 3574 alpha
864 3509 883 3554 a
904 3492 1062 3571 primitivis
1085 3493 1150 3554 suis

52 3591 137 3673 quasi
153 3588 366 3652 bereditarium
383 3588 506 3671 babent,
529 3591 656 3671 primum
678 3593 716 3656 ab
739 3589 786 3655 άω
807 3586 875 3656 άάω
896 3585 975 3672 άάτη
997 3589 1063 3652 sive
1084 3585 1150 3671 άτη,

53 3696 111 3752 tum
131 3682 247 3769 περάτη
265 3682 425 3768 οπερατάς
439 3692 555 3751 mutato
569 3697 698 3770 propter
718 3690 930 3754 transitionem
952 3694 1082 3750 accentu
1102 3689 1150 3752 vel

54 3789 150 3868 potius
172 3804 191 3849 a
211 3781 306 3868 κέρας
324 3786 403 3850 undo
425 3779 587 3868 ἀπείρατος
607 3790 849 3870 impenetrabilis
869 3787 953 3851 Pind.
975 3794 1006 3849 ut
1027 3781 1150 3867 ογὲρας

54 3881 206 3968 ὀνείρατος
227 3891 258 3949 ot
280 3902 298 3947 a
314 3881 393 3966 γάλα
409 3881 569 3963 Γαλάτεια,
590 3888 852 3968 cujusepitbeton
867 3887 955 3967 quasi
969 3893 1149 3966 perpetuum

55 3994 99 4050 est
117 3980 210 4067 λευκή
232 3990 263 4047 ct
285 3984 424 4048 condida
443 4003 470 4050 v.
493 3985 683 4050 Wernsdors.
705 3985 744 4049 ad
765 3985 890 4049 Pentad.
906 3983 970 4048 Vll.
984 3986 1012 4048 4.
1035 4003 1063 4063 p.
1079 3985 1148 4047 277.

56 4087 84 4148 I.
104 4085 150 4148 lll.
178 4080 269 4164 ἐλάτη
295 4077 380 4162 παρὰ
407 4078 442 4146 τὸ
470 4079 589 4147 ἐλαύνοι
608 4085 672 4148 ΕΜ.
696 4084 751 4147 sed
778 4085 837 4146 boc
855 4087 919 4162 jam
941 4086 1039 4146 minus
1062 4085 1148 4146 aliiv-

87 4201 188 4249 baert.
208 4200 343 4259 Patholog.
901 4183 942 4246 Ἃ
