2772 4992
27 288 106 352 DE'
117 287 236 353 ΝΟΜ.
253 286 417 364 QUORUM
432 287 546 353 eliam
561 289 637 355 bsr
653 288 857 355 DENTALIS.
881 291 912 356 C.
927 293 974 357 IV.
990 300 1018 369 §-
1032 295 1060 360 3.
1088 295 1155 362 373

14 452 147 534 uppidi
187 453 328 534 Siciliae,
357 451 441 533 qued
469 453 500 516 iu
527 452 615 518 eudd.
638 453 899 519 debellabantur
926 457 995 521 aliis
1018 459 1155 538 iguatum

14 569 136 632 aeque
173 558 212 613 ui
233 552 342 616 ilumeu
355 547 498 627 Ὗάαιτος
517 544 695 618 Dicaearch.
717 572 744 617 v.
767 553 816 618 67.
844 554 1066 622 Deeliuaiieuis
1088 561 1155 638 pri-

14 669 97 714 mae
133 651 318 731 exemplum
347 659 395 716 esi
419 648 613 733 Θυμαιτάδαι
640 646 702 715 άπὸ
733 653 892 733 Θυμοίτου
919 649 1022 736 ἥρωος
1049 657 1152 738 Steph.

14 769 112 831 quae
150 757 260 813 tameu
288 752 413 815 uomiua
439 759 469 816 et
497 769 553 832 per
580 738 616 814 δι’
636 751 811 814 scribuntur
840 758 870 815 et
893 770 948 833 per
969 758 999 832 ά,
1022 755 1152 820 meudo-

14 867 175 930 sumque
206 855 254 913 est
271 843 406 934 Ἀθηνάς
426 850 601 924 aedelredus
620 850 772 930 Lycopbr.
797 849 864 915 149.
896 867 953 932 pru
975 848 1150 934 πυλάτισος,

14 967 114 1030 quae
141 954 199 1014 est
219 948 324 1012 derlee
341 950 440 1012 ferme
459 967 478 1013 a
499 948 656 1030 Sophocle
676 955 831 1031 usurpata,
853 966 910 1012 nee
932 951 1056 1031 regulae
1071 969 1152 1017 eou-

14 1049 175 1112 veuieus
198 1043 299 1112 λύσσα
321 1048 503 1132 αἰχματηράα
523 1066 550 1112 v.
565 1047 635 1113 454.
656 1047 707 1110 ubi
728 1064 807 1110 uuus
830 1048 921 1113 medo
944 1050 1012 1115 eod.
1033 1058 1149 1116 reatum

17 1148 232 1229 αἰχμητηρίιι
252 1147 387 1228 praebet.

123 1254 158 1321 §.
186 1248 215 1312 3.
260 1247 306 1311 Ad
327 1245 538 1309 illustrandum
559 1260 671 1308 nomeu
693 1238 836 1326 ὄρχατος,
863 1245 943 1310 uude
971 1247 1048 1312 haee
1076 1265 1150 1313 orsa

23 1352 82 1410 est
107 1345 297 1426 disputatio,
321 1345 425 1410 Sobel.
446 1345 479 1408 ll.
499 1344 574 1407 XIV.
600 1343 667 1408 123.
689 1341 748 1407 duo
772 1345 858 1408 alieri
873 1350 1016 1427 tanquam
1038 1349 1149 1412 similia

24 1440 177 1526 μέσατος
205 1453 235 1508 et
262 1441 403 1527 πάχετος,
436 1443 474 1507 de
502 1459 562 1524 quo
591 1459 697 1523 parum
726 1443 919 1509 considerate
943 1447 1062 1526 judicat
1082 1448 1147 1513 Eli.

27 1543 120 1626 656,
155 1545 207 1608 53.
238 1537 368 1625 πάχετον
394 1537 566 1624 παχύτερον
591 1537 670 1604 κατὰ
697 1540 874 1627 συγκοπήν,
907 1548 1011 1610 verius
1041 1548 1144 1614 Sahal.

28 1643 67 1708 li.
81 1643 165 1707 XIV.
189 1643 259 1708 287.
280 1644 377 1725 μῆκος
397 1639 526 1725 μήκετος
546 1635 663 1703 ἐκτάσει
683 1634 726 1715 ὥς
739 1638 837 1724 πάχος
850 1639 977 1725 πάχετος
996 1643 1049 1709 καὶ
1066 1665 1147 1728 περι-

31 1738 191 1824 μήκετος,
223 1743 304 1822 qued
327 1741 566 1822 purasyutbeteu
588 1746 636 1804 est
659 1757 677 1802 a
700 1738 868 1824 παραμήκης
886 1750 919 1806 ut
941 1737 1080 1819 edideras
1096 1740 1149 1810 άύ-

33 1863 136 1924 ρατος
157 1842 232 1906 HeS.
255 1841 293 1905 ab
315 1835 418 1924 άϊδής,
441 1834 619 1922 εύνάάγετος
640 1839 678 1902 eb
708 1834 879 1923 εύγλαχής,
899 1858 957 1905 nee
985 1844 1083 1908 simile
1104 1845 1147 1907 illi

34 1937 219 2024 Λάμπετος,
241 1938 324 2021 quod
346 1939 450 2004 Sebol.
469 1940 503 2004 ll.
523 1939 586 2002 XV.
607 1937 678 2003 527.
701 1941 835 2003 asulert:
857 1936 987 2021 Λάμπος
998 1939 1050 2005 καὶ
1063 1938 1148 2024 Λάμ-

36 2059 132 2114 πετος
154 2034 198 2114 ὡς
218 2035 315 2121 πάχος
333 2035 469 2120 πάχετος.
511 2039 578 2102 Ηοο
608 2039 728 2101 euima
756 2038 878 2101 uomiue
907 2038 1044 2125 ductum,
1072 2042 1147 2106 illud

39 2140 181 2222 verbale,
204 2156 265 2219 que
286 2141 317 2203 iu
338 2155 451 2220 gauere
477 2137 531 2201 illu
558 2137 730 2201 dominatur
758 2138 947 2220 pareetasis3
973 2131 1146 2222 άπεύχετος,

40 2234 241 2321 ἃοςόέρκετος
262 2245 292 2302 ei
314 2245 428 2320 cetera,
449 2236 560 2318 quibus
582 2236 702 2317 epsilou
724 2238 917 2316 interjectum
939 2246 986 2301 est
1006 2240 1055 2304 val
1070 2255 1147 2304 sua-

40 2339 141 2420 yioris
171 2338 241 2401 seui
269 2353 365 2401 eausa
390 2336 440 2400 vel
468 2335 506 2399 ad
534 2333 718 2399 dirimendas
747 2351 904 2400 euusouas
937 2337 1147 2404 insociabiles.

43 2437 163 2502 Eodem
184 2435 276 2500 medo
298 2436 426 2499 formata
448 2440 519 2498 suut
541 2434 736 2498 substantiva
757 2431 875 2516 ἔργετος
896 2437 913 2500 l.
929 2451 957 2516 q.
972 2433 1061 2519 ἕρκος
1081 2439 1146 2502 sive

45 2533 183 2616 ἕρκατος,
206 2531 335 2613 ἒρῤετος,
357 2528 492 2614 ἑρπετόν,
513 2529 633 2616 χενέτης
654 2534 763 2615 hisque
785 2534 895 2597 similia
909 2553 935 2597 v.
951 2533 1060 2599 Parali
1076 2536 1146 2602 437.

47 2644 78 2698 et
100 2634 139 2698 ad
156 2635 266 2698 Buttm.
286 2632 356 2698 403.
379 2631 545 2714 eademque
568 2649 663 2697 eausa
685 2633 872 2716 pleonasmi,
902 2649 990 2714 quem
1021 2634 1148 2698 Romani

49 2736 199 2798 evitarunt
219 2735 250 2796 iu
270 2732 446 2796 verbalibus
468 2747 525 2812 pre
549 2736 611 2812 tas,
634 2732 661 2795 si
684 2732 812 2797 dentalis
825 2731 984 2815 antecedit,
999 2750 1055 2796 ses
1069 2734 1147 2797 sub—

51 2836 221 2913 stituentes,
242 2849 325 2914 eras,
347 2832 447 2908 lusus,
471 2837 501 2894 et
522 2836 596 2910 pest
617 2828 734 2893 literam
755 2819 787 2895 m
807 2833 980 2896 inserentes
1000 2817 1031 2914 ᾖ,
1052 2849 1146 2896 eum-

51 2937 132 3012 μύκε.
174 2930 345 3010 Paronyma
367 2945 440 2992 vero
464 2935 535 2992 sunt
556 2929 670 3004 tettae
683 2927 870 3008 λαιάαπετός,
884 2925 980 3012 βροχή
994 2927 1144 3012 βροχετός,

53 3026 128 3112 φλόξ
156 3027 315 3113 φάογετός,
344 3029 424 3102 πῦος
449 3029 556 3091 auerte
585 3036 614 3092 et
641 3027 734 3092 aazia
765 3048 792 3094 v.
812 3030 958 3094 Beruard.
987 3030 1025 3093 ad
1047 3031 1146 3096 Noun.

56 3131 86 3196 i.
106 3130 140 3193 ll.
161 3147 188 3210 p.
211 3129 258 3194 iii.
279 3126 430 3193 Arcadius
453 3144 482 3207 p.
506 3126 556 3192 81.
576 3122 615 3189 τά
636 3126 678 3202 εἰς
694 3115 764 3202 {aba
784 3125 971 3210 τρισύλλαβα
988 3124 1080 3210 κύρια
1094 3127 1147 3194 καὶ

54 3222 251 3310 προςηγορικά
269 3222 542 3310 προπαροξύνεται,
555 3221 703 3308 μέγιστος,
722 3223 861 3306 uiderem*
874 3225 981 3309 ἔχετος,
997 3223 1145 3311 δέρκετος,

56 3324 169 3408 μάντιος
188 3322 223 3391 τὸ
243 3322 363 3408 κύριον·
383 3321 506 3399 τούτοις
526 3319 724 3410 ἠκολούθησε
737 3323 790 3390 καὶ
804 3321 839 3390 τὸ
853 3323 955 3409 ἔμετος
968 3321 1010 3401 ὡς
1022 3324 1093 3410 ἔχον
1107 3324 1144 3392 τὸ

57 3413 77 3492 ἓ.
111 3421 154 3490 Τά
173 3421 204 3489 di
225 3422 332 3508 ἔχοντα
354 3421 390 3490 τὸ
411 3418 566 3506 οῐὸμοάαις
587 3420 723 3507 άργετος,
745 3421 859 3510 άρετος,
878 3422 991 3504 άνετος,
1006 3422 1144 3509 πάχετος,

58 3527 104 3590 ubi
123 3526 309 3590 mauiiesium
334 3531 383 3589 esi
405 3532 473 3588 aute
485 3521 750 3606 προπαροξύνεται
766 3525 919 3589 excidisse
933 3522 1146 3608 νοιῑιαάχονια

57 3621 89 3690 τὸ
108 3611 171 3689 {lv
188 3626 225 3706 τῇ
244 3624 330 3709 τρίτῃ
351 3617 413 3688 άπὸ
434 3618 548 3702 τέλους,
573 3624 628 3689 sed
649 3626 772 3690 uomina
793 3625 904 3706 quibus
926 3625 1028 3706 utitur,
1050 3641 1144 3704 prae-

63 3719 236 3806 ΙεεἝχετος,
259 3719 427 3804 Δέρκετος,
450 3717 603 3802 Miasena,
618 3719 756 3798 Ἄνοτος,
786 3731 835 3786 aut
863 3730 969 3803 aperte
998 3729 1146 3804 corrupta

61 3830 107 3887 aut
125 3824 222 3904 ignota
244 3829 323 3887 suut.
365 3823 495 3886 Primum
519 3824 653 3887 lertasse
676 3823 731 3886 luit
761 3820 965 3903 Μεχαίνετος,
997 3838 1067 3886 uam
1095 3821 1147 3884 ille

61 3921 209 3987 Heredium
241 3923 365 3988 institor
391 3939 448 4005 pro
484 3921 675 4002 simplicibus
711 3920 859 3984 interdum
894 3918 994 3983 subdit
1019 3923 1148 4000 juueta;

63 4038 112 4102 ura
139 4020 267 4084 seeundo
296 4039 387 4085 uuum
416 4020 568 4084 suaeurrit
594 4017 698 4099 paullo
727 4017 874 4084 dissimile
905 4013 1042 4093 Νὲπειος
1074 4018 1149 4084 urbs

63 4119 170 4203 ltaliae,
195 4135 272 4201 quae
300 4138 319 4184 a
346 4119 462 4185 Latinis
490 4116 577 4200 Nepa
605 4133 662 4182 seu
689 4115 790 4200 Nepet
821 4123 948 4184 ueaaiur
969 4134 996 4181 r.
1018 4118 1150 4199 luterpr.
