<?xml version="1.0" encoding="UTF-8"?>
<!DOCTYPE html PUBLIC "-//W3C//DTD XHTML 1.0 Transitional//EN"
    "http://www.w3.org/TR/xhtml1/DTD/xhtml1-transitional.dtd">
<html xmlns="http://www.w3.org/1999/xhtml" xml:lang="en" lang="en">
 <head>
  <title>
</title>
<meta http-equiv="Content-Type" content="text/html;charset=utf-8" />
  <meta name='ocr-system' content='tesseract 3.04.00' />
  <meta name='ocr-capabilities' content='ocr_page ocr_carea ocr_par ocr_line ocrx_word'/>
</head>
<body>
  <div class='ocr_page' id='page_1' title='image "./pathologiaeserm01lobegoog_0488.png"; bbox 0 0 2768 4994; ppageno 0'>
   <div class='ocr_carea' id='block_1_1' title="bbox 22 441 1236 3889">
    <p class='ocr_par' dir='ltr' id='par_1_1' title="bbox 22 441 1236 3889">
     <span class='ocr_line' id='line_1_1' title="bbox 23 441 1176 533; baseline 0.01 -23"><span class='ocrx_word' id='word_1_1' title='bbox 23 470 90 511; x_wconf 80' lang='grc' dir='ltr'><strong>τι</strong></span> <span class='ocrx_word' id='word_1_2' title='bbox 116 441 358 512; x_wconf 79' lang='grc' dir='ltr'><strong>ἀνακωκύσασα.</strong></span> <span class='ocrx_word' id='word_1_3' title='bbox 399 447 534 528; x_wconf 81' lang='lat' dir='ltr'>Propius</span> <span class='ocrx_word' id='word_1_4' title='bbox 555 447 611 512; x_wconf 86' lang='lat' dir='ltr'><strong>tuit</strong></span> <span class='ocrx_word' id='word_1_5' title='bbox 632 447 780 532; x_wconf 82' lang='lat' dir='ltr'><strong>seribere,</strong></span> <span class='ocrx_word' id='word_1_6' title='bbox 801 450 885 533; x_wconf 86' lang='lat' dir='ltr'><strong>quod</strong></span> <span class='ocrx_word' id='word_1_7' title='bbox 904 451 1176 523; x_wconf 79' lang='lat' dir='ltr'><strong>Eamatlriuediait</strong></span> 
     </span>
     <span class='ocr_line' id='line_1_2' title="bbox 22 539 1175 632; baseline 0.003 -22"><span class='ocrx_word' id='word_1_8' title='bbox 22 546 99 611; x_wconf 87' lang='lat' dir='ltr'><strong>X.</strong></span> <span class='ocrx_word' id='word_1_9' title='bbox 130 546 203 610; x_wconf 80' lang='grc'>466.</span> <span class='ocrx_word' id='word_1_10' title='bbox 234 546 347 610; x_wconf 85' lang='lat' dir='ltr'><strong>Teuelr.</strong></span> <span class='ocrx_word' id='word_1_11' title='bbox 373 539 538 628; x_wconf 76' lang='lat' dir='ltr'><strong>dloidprov</strong></span> <span class='ocrx_word' id='word_1_12' title='bbox 566 543 702 611; x_wconf 65' lang='lat' dir='ltr'><strong>induem</strong></span> <span class='ocrx_word' id='word_1_13' title='bbox 730 548 784 612; x_wconf 59' lang='lat' dir='ltr'><strong>‘vel</strong></span> <span class='ocrx_word' id='word_1_14' title='bbox 818 545 991 632; x_wconf 72' lang='grc' dir='ltr'><strong>διωλύγιον1</strong></span> <span class='ocrx_word' id='word_1_15' title='bbox 1017 549 1106 627; x_wconf 69' lang='lat' dir='ltr'><strong>droa</strong></span> <span class='ocrx_word' id='word_1_16' title='bbox 1128 561 1175 623; x_wconf 67' lang='lat' dir='ltr'><strong>at</strong></span> 
     </span>
     <span class='ocr_line' id='line_1_3' title="bbox 26 641 1174 736; baseline 0.007 -26"><span class='ocrx_word' id='word_1_17' title='bbox 26 645 207 710; x_wconf 83' lang='lat' dir='ltr'><strong>Achilles</strong></span> <span class='ocrx_word' id='word_1_18' title='bbox 222 646 288 709; x_wconf 79' lang='lat' dir='ltr'><strong>lat.</strong></span> <span class='ocrx_word' id='word_1_19' title='bbox 310 645 332 709; x_wconf 91' lang='grc' dir='ltr'><strong>Ι.</strong></span> <span class='ocrx_word' id='word_1_20' title='bbox 355 644 403 728; x_wconf 86' lang='grc'><strong>13,</strong></span> <span class='ocrx_word' id='word_1_21' title='bbox 427 643 473 710; x_wconf 86' lang='grc'><strong>19.</strong></span> <span class='ocrx_word' id='word_1_22' title='bbox 495 645 546 709; x_wconf 85' lang='lat' dir='ltr'><strong>uel</strong></span> <span class='ocrx_word' id='word_1_23' title='bbox 567 647 658 710; x_wconf 89' lang='lat' dir='ltr'><strong>etiam</strong></span> <span class='ocrx_word' id='word_1_24' title='bbox 678 641 816 728; x_wconf 74' lang='grc' dir='ltr'><strong>λιγυρόν.</strong></span> <span class='ocrx_word' id='word_1_25' title='bbox 846 649 954 730; x_wconf 80' lang='lat' dir='ltr'><strong>Neque</strong></span> <span class='ocrx_word' id='word_1_26' title='bbox 976 651 1174 736; x_wconf 65' lang='lat' dir='ltr'><strong>mind-uapo-</strong></span> 
     </span>
     <span class='ocr_line' id='line_1_4' title="bbox 26 745 1174 830; baseline 0.007 -22"><span class='ocrx_word' id='word_1_27' title='bbox 26 745 165 808; x_wconf 85' lang='lat' dir='ltr'><strong>rimns</strong></span> <span class='ocrx_word' id='word_1_28' title='bbox 191 745 284 824; x_wconf 84' lang='lat' dir='ltr'><strong>hrrjus</strong></span> <span class='ocrx_word' id='word_1_29' title='bbox 311 759 488 824; x_wconf 81' lang='lat' dir='ltr'><strong>paragogae</strong></span> <span class='ocrx_word' id='word_1_30' title='bbox 516 745 687 825; x_wconf 76' lang='lat' dir='ltr'><strong>exemplum</strong></span> <span class='ocrx_word' id='word_1_31' title='bbox 714 753 839 826; x_wconf 85' lang='lat' dir='ltr'><strong>praeter</strong></span> <span class='ocrx_word' id='word_1_32' title='bbox 865 753 1027 830; x_wconf 79' lang='lat' dir='ltr'><strong>suspecta:</strong></span> <span class='ocrx_word' id='word_1_33' title='bbox 1054 746 1174 829; x_wconf 68' lang='lat' dir='ltr'><strong>Adoreo</strong></span> 
     </span>
     <span class='ocr_line' id='line_1_5' title="bbox 31 837 1171 924; baseline 0.007 -16"><span class='ocrx_word' id='word_1_34' title='bbox 31 837 74 908; x_wconf 87' lang='grc' dir='ltr'>ὁ</span> <span class='ocrx_word' id='word_1_35' title='bbox 102 837 207 917; x_wconf 80' lang='grc' dir='ltr'><em>δασύς</em></span> <span class='ocrx_word' id='word_1_36' title='bbox 227 841 311 907; x_wconf 91' lang='lat' dir='ltr'><strong>Suid.</strong></span> <span class='ocrx_word' id='word_1_37' title='bbox 335 848 366 906; x_wconf 87' lang='lat' dir='ltr'><strong>at</strong></span> <span class='ocrx_word' id='word_1_38' title='bbox 385 837 533 924; x_wconf 72' lang='grc' dir='ltr'><strong>τρὴχειος.</strong></span> <span class='ocrx_word' id='word_1_39' title='bbox 549 843 583 908; x_wconf 88' lang='lat' dir='ltr'><strong>in</strong></span> <span class='ocrx_word' id='word_1_40' title='bbox 608 843 680 907; x_wconf 90' lang='lat' dir='ltr'><strong>loeo</strong></span> <span class='ocrx_word' id='word_1_41' title='bbox 710 845 790 909; x_wconf 90' lang='lat' dir='ltr'><strong>male</strong></span> <span class='ocrx_word' id='word_1_42' title='bbox 818 847 928 914; x_wconf 84' lang='lat' dir='ltr'><strong>alleato</strong></span> <span class='ocrx_word' id='word_1_43' title='bbox 948 847 1041 916; x_wconf 78' lang='lat' dir='ltr'><strong>,lulla</strong></span> <span class='ocrx_word' id='word_1_44' title='bbox 1069 851 1171 918; x_wconf 40' lang='lat' dir='ltr'><strong>ilisa.</strong></span> 
     </span>
     <span class='ocr_line' id='line_1_6' title="bbox 32 937 1174 1029; baseline 0.01 -24"><span class='ocrx_word' id='word_1_45' title='bbox 32 959 124 1025; x_wconf 89' lang='lat' dir='ltr'><strong>pro</strong></span> <span class='ocrx_word' id='word_1_46' title='bbox 146 937 356 1024; x_wconf 72' lang='lat' dir='ltr'><strong>plmutdtapoo</strong></span> <span class='ocrx_word' id='word_1_47' title='bbox 376 941 517 1021; x_wconf 81' lang='lat' dir='ltr'><strong>Append.</strong></span> <span class='ocrx_word' id='word_1_48' title='bbox 539 958 570 1006; x_wconf 86' lang='lat' dir='ltr'><strong>n.</strong></span> <span class='ocrx_word' id='word_1_49' title='bbox 593 941 661 1006; x_wconf 85' lang='lat'>153.</span> <span class='ocrx_word' id='word_1_50' title='bbox 684 959 767 1006; x_wconf 85' lang='lat' dir='ltr'><strong>nune</strong></span> <span class='ocrx_word' id='word_1_51' title='bbox 785 941 980 1026; x_wconf 72' lang='lat' dir='ltr'><strong>ytuxaduepos</strong></span> <span class='ocrx_word' id='word_1_52' title='bbox 1005 947 1118 1029; x_wconf 73' lang='lat' dir='ltr'><strong>tapsar</strong></span> <span class='ocrx_word' id='word_1_53' title='bbox 1138 957 1174 1016; x_wconf 86' lang='lat' dir='ltr'><strong>ut</strong></span> 
     </span>
     <span class='ocr_line' id='line_1_7' title="bbox 33 1036 1173 1124; baseline 0.011 -19"><span class='ocrx_word' id='word_1_54' title='bbox 33 1037 269 1123; x_wconf 67' lang='lat' dir='ltr'><strong>uutirdeaoon</strong></span> <span class='ocrx_word' id='word_1_55' title='bbox 289 1046 321 1105; x_wconf 89' lang='lat' dir='ltr'><strong>et</strong></span> <span class='ocrx_word' id='word_1_56' title='bbox 340 1036 551 1122; x_wconf 64' lang='grc' dir='ltr'><strong><em>βρσὸιότερος,</em></strong></span> <span class='ocrx_word' id='word_1_57' title='bbox 579 1058 636 1121; x_wconf 90' lang='lat' dir='ltr'><strong>pro</strong></span> <span class='ocrx_word' id='word_1_58' title='bbox 660 1043 776 1124; x_wconf 82' lang='lat' dir='ltr'><strong>quoin</strong></span> <span class='ocrx_word' id='word_1_59' title='bbox 794 1044 901 1108; x_wconf 82' lang='lat' dir='ltr'><strong>Aneod</strong></span> <span class='ocrx_word' id='word_1_60' title='bbox 921 1045 1044 1112; x_wconf 77' lang='lat' dir='ltr'><strong>aarum</strong></span> <span class='ocrx_word' id='word_1_61' title='bbox 1065 1049 1101 1116; x_wconf 92' lang='lat' dir='ltr'><strong>ll.</strong></span> <span class='ocrx_word' id='word_1_62' title='bbox 1121 1049 1173 1117; x_wconf 68' lang='grc'><strong>78</strong></span> 
     </span>
     <span class='ocr_line' id='line_1_8' title="bbox 36 1134 1172 1224; baseline 0.011 -22"><span class='ocrx_word' id='word_1_63' title='bbox 36 1135 278 1224; x_wconf 76' lang='grc' dir='ltr'><strong><em>βραᾶειότερος</em></strong></span> <span class='ocrx_word' id='word_1_64' title='bbox 298 1139 439 1219; x_wconf 78' lang='lat' dir='ltr'><strong>adertm3</strong></span> <span class='ocrx_word' id='word_1_65' title='bbox 461 1142 596 1219; x_wconf 80' lang='lat' dir='ltr'><strong>Bopeioo</strong></span> <span class='ocrx_word' id='word_1_66' title='bbox 614 1134 650 1202; x_wconf 75' lang='lat' dir='ltr'><strong>od</strong></span> <span class='ocrx_word' id='word_1_67' title='bbox 663 1135 746 1223; x_wconf 78' lang='grc' dir='ltr'><strong><em>βαρύ</em></strong></span> <span class='ocrx_word' id='word_1_68' title='bbox 767 1141 840 1206; x_wconf 83' lang='lat' dir='ltr'><strong>Hes.</strong></span> <span class='ocrx_word' id='word_1_69' title='bbox 860 1143 1085 1211; x_wconf 81' lang='lat' dir='ltr'><strong>substantivum</strong></span> <span class='ocrx_word' id='word_1_70' title='bbox 1097 1165 1172 1214; x_wconf 80' lang='lat' dir='ltr'><strong>esau</strong></span> 
     </span>
     <span class='ocr_line' id='line_1_9' title="bbox 38 1237 1172 1326; baseline 0.01 -24"><span class='ocrx_word' id='word_1_71' title='bbox 38 1237 187 1303; x_wconf 83' lang='lat' dir='ltr'><strong>videtur</strong></span> <span class='ocrx_word' id='word_1_72' title='bbox 214 1243 250 1301; x_wconf 88' lang='lat' dir='ltr'><strong>ut</strong></span> <span class='ocrx_word' id='word_1_73' title='bbox 274 1241 418 1302; x_wconf 71' lang='lat' dir='ltr'><strong>nimios</strong></span> <span class='ocrx_word' id='word_1_74' title='bbox 447 1244 569 1304; x_wconf 90' lang='lat' dir='ltr'><strong>tessera</strong></span> <span class='ocrx_word' id='word_1_75' title='bbox 594 1241 660 1304; x_wconf 85' lang='lat' dir='ltr'><strong>sive</strong></span> <span class='ocrx_word' id='word_1_76' title='bbox 687 1241 802 1306; x_wconf 83' lang='lat' dir='ltr'><strong>tabella</strong></span> <span class='ocrx_word' id='word_1_77' title='bbox 820 1240 927 1321; x_wconf 75' lang='lat' dir='ltr'><strong>Polyb.</strong></span> <span class='ocrx_word' id='word_1_78' title='bbox 957 1244 1037 1309; x_wconf 89' lang='lat' dir='ltr'><strong>unde</strong></span> <span class='ocrx_word' id='word_1_79' title='bbox 1058 1247 1172 1326; x_wconf 84' lang='lat' dir='ltr'><strong>pendet</strong></span> 
     </span>
     <span class='ocr_line' id='line_1_10' title="bbox 40 1333 1173 1420; baseline 0.008 -18"><span class='ocrx_word' id='word_1_80' title='bbox 40 1337 194 1402; x_wconf 73' lang='lat' dir='ltr'><strong>verbum</strong></span> <span class='ocrx_word' id='word_1_81' title='bbox 214 1333 407 1414; x_wconf 75' lang='grc' dir='ltr'><strong>πλατειάζειν.</strong></span> <span class='ocrx_word' id='word_1_82' title='bbox 449 1337 708 1405; x_wconf 80' lang='lat' dir='ltr'><strong>sedoismissis</strong></span> <span class='ocrx_word' id='word_1_83' title='bbox 729 1341 826 1405; x_wconf 87' lang='lat' dir='ltr'><strong>totius</strong></span> <span class='ocrx_word' id='word_1_84' title='bbox 846 1339 1063 1420; x_wconf 60' lang='lat' dir='ltr'><strong>disputationis</strong></span> <span class='ocrx_word' id='word_1_85' title='bbox 1084 1363 1173 1411; x_wconf 64' lang='lat' dir='ltr'><strong>sume·</strong></span> 
     </span>
     <span class='ocr_line' id='line_1_11' title="bbox 42 1435 1172 1522; baseline 0.009 -22"><span class='ocrx_word' id='word_1_86' title='bbox 42 1453 146 1500; x_wconf 88' lang='lat' dir='ltr'><strong>mam</strong></span> <span class='ocrx_word' id='word_1_87' title='bbox 172 1435 280 1500; x_wconf 90' lang='lat' dir='ltr'><strong>dieam.</strong></span> <span class='ocrx_word' id='word_1_88' title='bbox 328 1436 586 1500; x_wconf 87' lang='lat' dir='ltr'><strong>Termiaationum</strong></span> <span class='ocrx_word' id='word_1_89' title='bbox 612 1437 753 1522; x_wconf 76' lang='lat' dir='ltr'><strong>domum,</strong></span> <span class='ocrx_word' id='word_1_90' title='bbox 780 1439 813 1502; x_wconf 90' lang='lat' dir='ltr'><strong>in</strong></span> <span class='ocrx_word' id='word_1_91' title='bbox 839 1440 951 1520; x_wconf 80' lang='lat' dir='ltr'><strong>quibus</strong></span> <span class='ocrx_word' id='word_1_92' title='bbox 981 1442 1172 1510; x_wconf 86' lang='lat' dir='ltr'><strong>elaboratum</strong></span> 
     </span>
     <span class='ocr_line' id='line_1_12' title="bbox 48 1529 1172 1625; baseline 0.009 -25"><span class='ocrx_word' id='word_1_93' title='bbox 48 1540 125 1617; x_wconf 84' lang='lat' dir='ltr'><strong>est,</strong></span> <span class='ocrx_word' id='word_1_94' title='bbox 148 1535 282 1614; x_wconf 80' lang='lat' dir='ltr'><strong>priorem</strong></span> <span class='ocrx_word' id='word_1_95' title='bbox 305 1529 494 1617; x_wconf 73' lang='grc' dir='ltr'>(πολεμήιος)</span> <span class='ocrx_word' id='word_1_96' title='bbox 515 1536 753 1617; x_wconf 79' lang='lat' dir='ltr'><strong>interpositione</strong></span> <span class='ocrx_word' id='word_1_97' title='bbox 779 1536 894 1618; x_wconf 79' lang='lat' dir='ltr'><strong>longao</strong></span> <span class='ocrx_word' id='word_1_98' title='bbox 913 1541 1032 1606; x_wconf 82' lang='lat' dir='ltr'><strong>vocalis</strong></span> <span class='ocrx_word' id='word_1_99' title='bbox 1053 1559 1172 1625; x_wconf 78' lang='lat' dir='ltr'><strong>proge-</strong></span> 
     </span>
     <span class='ocr_line' id='line_1_13' title="bbox 47 1633 1171 1728; baseline 0.009 -30"><span class='ocrx_word' id='word_1_100' title='bbox 47 1635 160 1698; x_wconf 86' lang='lat' dir='ltr'><strong>nitam</strong></span> <span class='ocrx_word' id='word_1_101' title='bbox 181 1650 254 1698; x_wconf 86' lang='lat' dir='ltr'><strong>esse</strong></span> <span class='ocrx_word' id='word_1_102' title='bbox 272 1633 353 1697; x_wconf 87' lang='lat' dir='ltr'><strong>iuter</strong></span> <span class='ocrx_word' id='word_1_103' title='bbox 374 1637 706 1728; x_wconf 49' lang='lat' dir='ltr'><strong>enotares-musenim</strong></span> <span class='ocrx_word' id='word_1_104' title='bbox 728 1635 855 1698; x_wconf 88' lang='lat' dir='ltr'><strong>alterius</strong></span> <span class='ocrx_word' id='word_1_105' title='bbox 877 1638 1017 1718; x_wconf 85' lang='lat' dir='ltr'><strong>exempla</strong></span> <span class='ocrx_word' id='word_1_106' title='bbox 1031 1640 1171 1708; x_wconf 76' lang='lat' dir='ltr'><strong>bifariam</strong></span> 
     </span>
     <span class='ocr_line' id='line_1_14' title="bbox 51 1722 1172 1815; baseline 0.007 -19"><span class='ocrx_word' id='word_1_107' title='bbox 51 1732 264 1815; x_wconf 86' lang='lat' dir='ltr'><strong>distribuunt,</strong></span> <span class='ocrx_word' id='word_1_108' title='bbox 285 1733 433 1812; x_wconf 76' lang='lat' dir='ltr'><strong>ploraque</strong></span> <span class='ocrx_word' id='word_1_109' title='bbox 454 1733 494 1796; x_wconf 81' lang='lat' dir='ltr'><strong>alo</strong></span> <span class='ocrx_word' id='word_1_110' title='bbox 514 1756 586 1811; x_wconf 82' lang='grc' dir='ltr'><strong>ειος,</strong></span> <span class='ocrx_word' id='word_1_111' title='bbox 607 1751 671 1801; x_wconf 92' lang='lat' dir='ltr'><strong>nou</strong></span> <span class='ocrx_word' id='word_1_112' title='bbox 689 1735 735 1797; x_wconf 88' lang='lat' dir='ltr'><strong>ita</strong></span> <span class='ocrx_word' id='word_1_113' title='bbox 755 1734 851 1800; x_wconf 93' lang='lat' dir='ltr'><strong>multa</strong></span> <span class='ocrx_word' id='word_1_114' title='bbox 871 1735 910 1800; x_wconf 86' lang='lat' dir='ltr'><strong>ab</strong></span> <span class='ocrx_word' id='word_1_115' title='bbox 927 1722 979 1810; x_wconf 56' lang='lat' dir='ltr'><strong>Io}</strong></span> <span class='ocrx_word' id='word_1_116' title='bbox 1003 1755 1172 1806; x_wconf 85' lang='lat' dir='ltr'><strong>aroesseu·</strong></span> 
     </span>
     <span class='ocr_line' id='line_1_15' title="bbox 50 1831 1170 1916; baseline 0.008 -20"><span class='ocrx_word' id='word_1_117' title='bbox 50 1838 132 1908; x_wconf 81' lang='lat' dir='ltr'><strong>tes3</strong></span> <span class='ocrx_word' id='word_1_118' title='bbox 161 1845 262 1910; x_wconf 85' lang='lat' dir='ltr'><strong>neque</strong></span> <span class='ocrx_word' id='word_1_119' title='bbox 290 1831 453 1896; x_wconf 78' lang='lat' dir='ltr'><strong>diffateatur</strong></span> <span class='ocrx_word' id='word_1_120' title='bbox 480 1833 697 1898; x_wconf 84' lang='lat' dir='ltr'><strong>nonnullorum</strong></span> <span class='ocrx_word' id='word_1_121' title='bbox 727 1834 864 1914; x_wconf 86' lang='lat' dir='ltr'><strong>speeiem</strong></span> <span class='ocrx_word' id='word_1_122' title='bbox 895 1836 1060 1916; x_wconf 85' lang='lat' dir='ltr'><strong>anoipitem</strong></span> <span class='ocrx_word' id='word_1_123' title='bbox 1088 1855 1170 1906; x_wconf 86' lang='lat' dir='ltr'><strong>osse.</strong></span> 
     </span>
     <span class='ocr_line' id='line_1_16' title="bbox 50 1927 1171 2014; baseline 0.008 -20"><span class='ocrx_word' id='word_1_124' title='bbox 50 1927 242 2010; x_wconf 85' lang='lat' dir='ltr'><strong>Eademque</strong></span> <span class='ocrx_word' id='word_1_125' title='bbox 263 1930 407 1992; x_wconf 87' lang='lat' dir='ltr'><strong>oantione</strong></span> <span class='ocrx_word' id='word_1_126' title='bbox 428 1945 488 1994; x_wconf 88' lang='lat' dir='ltr'><strong>nos</strong></span> <span class='ocrx_word' id='word_1_127' title='bbox 507 1932 556 1995; x_wconf 91' lang='lat' dir='ltr'><strong>usi</strong></span> <span class='ocrx_word' id='word_1_128' title='bbox 578 1947 700 2014; x_wconf 87' lang='lat' dir='ltr'><strong>sumus,</strong></span> <span class='ocrx_word' id='word_1_129' title='bbox 727 1948 828 2012; x_wconf 84' lang='lat' dir='ltr'><strong>neque</strong></span> <span class='ocrx_word' id='word_1_130' title='bbox 855 1932 889 1996; x_wconf 91' lang='lat' dir='ltr'><strong>iu</strong></span> <span class='ocrx_word' id='word_1_131' title='bbox 914 1949 1026 2013; x_wconf 81' lang='lat' dir='ltr'><strong>megae</strong></span> <span class='ocrx_word' id='word_1_132' title='bbox 1056 1935 1171 2002; x_wconf 82' lang='lat' dir='ltr'><strong>disari-</strong></span> 
     </span>
     <span class='ocr_line' id='line_1_17' title="bbox 52 2027 1170 2113; baseline 0.006 -19"><span class='ocrx_word' id='word_1_133' title='bbox 52 2027 148 2094; x_wconf 89' lang='lat' dir='ltr'><strong>mine</strong></span> <span class='ocrx_word' id='word_1_134' title='bbox 174 2043 325 2108; x_wconf 84' lang='lat' dir='ltr'><strong>ponemus</strong></span> <span class='ocrx_word' id='word_1_135' title='bbox 352 2029 380 2092; x_wconf 90' lang='lat' dir='ltr'><strong>si</strong></span> <span class='ocrx_word' id='word_1_136' title='bbox 396 2028 466 2109; x_wconf 83' lang='lat' dir='ltr'><strong>quis</strong></span> <span class='ocrx_word' id='word_1_137' title='bbox 488 2028 526 2092; x_wconf 87' lang='lat' dir='ltr'><strong>de</strong></span> <span class='ocrx_word' id='word_1_138' title='bbox 547 2029 677 2109; x_wconf 84' lang='lat' dir='ltr'><strong>singulis</strong></span> <span class='ocrx_word' id='word_1_139' title='bbox 699 2029 876 2113; x_wconf 73' lang='lat' dir='ltr'><strong>dissentiat,</strong></span> <span class='ocrx_word' id='word_1_140' title='bbox 896 2029 988 2096; x_wconf 89' lang='lat' dir='ltr'><strong>modo</strong></span> <span class='ocrx_word' id='word_1_141' title='bbox 1010 2034 1170 2100; x_wconf 79' lang='lat' dir='ltr'><strong>vincamus</strong></span> 
     </span>
     <span class='ocr_line' id='line_1_18' title="bbox 54 2126 1172 2211; baseline 0.012 -20"><span class='ocrx_word' id='word_1_142' title='bbox 54 2126 278 2191; x_wconf 85' lang='lat' dir='ltr'><strong>universitate.</strong></span> <span class='ocrx_word' id='word_1_143' title='bbox 318 2128 365 2190; x_wconf 87' lang='lat' dir='ltr'><strong>llo</strong></span> <span class='ocrx_word' id='word_1_144' title='bbox 385 2143 475 2192; x_wconf 89' lang='lat' dir='ltr'><strong>nemo</strong></span> <span class='ocrx_word' id='word_1_145' title='bbox 499 2129 547 2192; x_wconf 86' lang='lat' dir='ltr'><strong>tas</strong></span> <span class='ocrx_word' id='word_1_146' title='bbox 574 2127 665 2192; x_wconf 86' lang='lat' dir='ltr'><strong>lueet</strong></span> <span class='ocrx_word' id='word_1_147' title='bbox 684 2130 854 2211; x_wconf 90' lang='lat' dir='ltr'><strong>propositis</strong></span> <span class='ocrx_word' id='word_1_148' title='bbox 876 2130 1089 2198; x_wconf 84' lang='lat' dir='ltr'><strong>eontradioere</strong></span> <span class='ocrx_word' id='word_1_149' title='bbox 1109 2134 1172 2205; x_wconf 80' lang='lat' dir='ltr'><strong>alet</strong></span> 
     </span>
     <span class='ocr_line' id='line_1_19' title="bbox 53 2225 1171 2306; baseline 0.009 -18"><span class='ocrx_word' id='word_1_150' title='bbox 53 2225 219 2289; x_wconf 83' lang='lat' dir='ltr'><strong>invenerit</strong></span> <span class='ocrx_word' id='word_1_151' title='bbox 240 2225 351 2306; x_wconf 88' lang='lat' dir='ltr'><strong>quibus</strong></span> <span class='ocrx_word' id='word_1_152' title='bbox 374 2227 545 2290; x_wconf 87' lang='lat' dir='ltr'><strong>ooatradioi</strong></span> <span class='ocrx_word' id='word_1_153' title='bbox 565 2242 630 2290; x_wconf 89' lang='lat' dir='ltr'><strong>non</strong></span> <span class='ocrx_word' id='word_1_154' title='bbox 650 2227 762 2306; x_wconf 90' lang='lat' dir='ltr'><strong>possit.</strong></span> <span class='ocrx_word' id='word_1_155' title='bbox 803 2227 892 2292; x_wconf 88' lang='lat' dir='ltr'><strong>Naue</strong></span> <span class='ocrx_word' id='word_1_156' title='bbox 911 2245 1004 2294; x_wconf 89' lang='lat' dir='ltr'><strong>unum</strong></span> <span class='ocrx_word' id='word_1_157' title='bbox 1026 2248 1099 2296; x_wconf 90' lang='lat' dir='ltr'><strong>esse</strong></span> <span class='ocrx_word' id='word_1_158' title='bbox 1119 2234 1171 2300; x_wconf 75' lang='lat' dir='ltr'><strong>vi-</strong></span> 
     </span>
     <span class='ocr_line' id='line_1_20' title="bbox 57 2323 1170 2416; baseline 0.011 -28"><span class='ocrx_word' id='word_1_159' title='bbox 57 2323 126 2388; x_wconf 89' lang='lat' dir='ltr'><strong>deo</strong></span> <span class='ocrx_word' id='word_1_160' title='bbox 148 2325 370 2404; x_wconf 79' lang='lat' dir='ltr'><strong>operationes</strong></span> <span class='ocrx_word' id='word_1_161' title='bbox 393 2324 488 2388; x_wconf 86' lang='lat' dir='ltr'><strong>initae</strong></span> <span class='ocrx_word' id='word_1_162' title='bbox 511 2332 541 2389; x_wconf 91' lang='lat' dir='ltr'><strong>et</strong></span> <span class='ocrx_word' id='word_1_163' title='bbox 558 2325 729 2390; x_wconf 80' lang='lat' dir='ltr'><strong>subductae</strong></span> <span class='ocrx_word' id='word_1_164' title='bbox 752 2326 888 2391; x_wconf 81' lang='lat' dir='ltr'><strong>lmditus</strong></span> <span class='ocrx_word' id='word_1_165' title='bbox 910 2329 1007 2394; x_wconf 89' lang='lat' dir='ltr'><strong>everti</strong></span> <span class='ocrx_word' id='word_1_166' title='bbox 1028 2329 1170 2416; x_wconf 85' lang='lat' dir='ltr'><strong>debeant,</strong></span> 
     </span>
     <span class='ocr_line' id='line_1_21' title="bbox 57 2421 1171 2502; baseline 0.008 -15"><span class='ocrx_word' id='word_1_167' title='bbox 57 2423 95 2488; x_wconf 87' lang='lat' dir='ltr'><strong>si</strong></span> <span class='ocrx_word' id='word_1_168' title='bbox 123 2423 193 2502; x_wconf 80' lang='lat' dir='ltr'><strong>quis</strong></span> <span class='ocrx_word' id='word_1_169' title='bbox 219 2421 477 2488; x_wconf 81' lang='lat' dir='ltr'><strong>demonstraverit</strong></span> <span class='ocrx_word' id='word_1_170' title='bbox 505 2425 737 2489; x_wconf 85' lang='lat' dir='ltr'><strong>terminationes</strong></span> <span class='ocrx_word' id='word_1_171' title='bbox 765 2425 835 2490; x_wconf 92' lang='lat' dir='ltr'><strong>illas</strong></span> <span class='ocrx_word' id='word_1_172' title='bbox 864 2443 928 2490; x_wconf 91' lang='lat' dir='ltr'><strong>non</strong></span> <span class='ocrx_word' id='word_1_173' title='bbox 949 2428 988 2491; x_wconf 81' lang='lat' dir='ltr'><strong>alr</strong></span> <span class='ocrx_word' id='word_1_174' title='bbox 1009 2429 1073 2494; x_wconf 86' lang='lat' dir='ltr'><strong>ulla</strong></span> <span class='ocrx_word' id='word_1_175' title='bbox 1093 2431 1171 2496; x_wconf 83' lang='lat' dir='ltr'><strong>alie-</strong></span> 
     </span>
     <span class='ocr_line' id='line_1_22' title="bbox 59 2521 1169 2607; baseline 0.009 -21"><span class='ocrx_word' id='word_1_176' title='bbox 59 2521 171 2586; x_wconf 81' lang='lat' dir='ltr'><strong>ctione</strong></span> <span class='ocrx_word' id='word_1_177' title='bbox 193 2523 349 2601; x_wconf 78' lang='lat' dir='ltr'><strong>prolectas</strong></span> <span class='ocrx_word' id='word_1_178' title='bbox 371 2521 428 2586; x_wconf 91' lang='lat' dir='ltr'><strong>sed</strong></span> <span class='ocrx_word' id='word_1_179' title='bbox 448 2523 570 2586; x_wconf 81' lang='lat' dir='ltr'><strong>nativas</strong></span> <span class='ocrx_word' id='word_1_180' title='bbox 593 2540 665 2587; x_wconf 86' lang='lat' dir='ltr'><strong>esse</strong></span> <span class='ocrx_word' id='word_1_181' title='bbox 680 2523 841 2605; x_wconf 84' lang='lat' dir='ltr'><strong>instarque</strong></span> <span class='ocrx_word' id='word_1_182' title='bbox 853 2524 972 2590; x_wconf 90' lang='lat' dir='ltr'><strong>illarum</strong></span> <span class='ocrx_word' id='word_1_183' title='bbox 987 2543 1169 2607; x_wconf 83' lang='lat' dir='ltr'><strong>qaae-nemo</strong></span> 
     </span>
     <span class='ocr_line' id='line_1_23' title="bbox 60 2607 1171 2702; baseline 0.011 -18"><span class='ocrx_word' id='word_1_184' title='bbox 60 2621 189 2702; x_wconf 86' lang='lat' dir='ltr'><strong>quaerit</strong></span> <span class='ocrx_word' id='word_1_185' title='bbox 209 2620 289 2686; x_wconf 89' lang='lat' dir='ltr'><strong>uude</strong></span> <span class='ocrx_word' id='word_1_186' title='bbox 311 2627 399 2685; x_wconf 89' lang='lat' dir='ltr'><strong>ortae</strong></span> <span class='ocrx_word' id='word_1_187' title='bbox 420 2622 482 2686; x_wconf 92' lang='lat' dir='ltr'><strong>sint</strong></span> <span class='ocrx_word' id='word_1_188' title='bbox 502 2607 561 2701; x_wconf 66' lang='grc' dir='ltr'><em>εἷς,</em></span> <span class='ocrx_word' id='word_1_189' title='bbox 577 2609 640 2700; x_wconf 55' lang='lat' dir='ltr'><strong>eoo,</strong></span> <span class='ocrx_word' id='word_1_190' title='bbox 662 2609 739 2702; x_wconf 59' lang='grc' dir='ltr'>αιόξ,</span> <span class='ocrx_word' id='word_1_191' title='bbox 756 2610 823 2698; x_wconf 60' lang='lat' dir='ltr'><strong>mo}</strong></span> <span class='ocrx_word' id='word_1_192' title='bbox 844 2631 903 2690; x_wconf 87' lang='lat' dir='ltr'><strong>ete.</strong></span> <span class='ocrx_word' id='word_1_193' title='bbox 952 2627 1063 2693; x_wconf 87' lang='lat' dir='ltr'><strong>Verum</strong></span> <span class='ocrx_word' id='word_1_194' title='bbox 1090 2630 1171 2696; x_wconf 89' lang='lat' dir='ltr'><strong>onim</strong></span> 
     </span>
     <span class='ocr_line' id='line_1_24' title="bbox 59 2719 1171 2804; baseline 0.011 -22"><span class='ocrx_word' id='word_1_195' title='bbox 59 2736 143 2783; x_wconf 91' lang='lat' dir='ltr'><strong>vero</strong></span> <span class='ocrx_word' id='word_1_196' title='bbox 170 2719 268 2784; x_wconf 79' lang='lat' dir='ltr'><strong>differt</strong></span> <span class='ocrx_word' id='word_1_197' title='bbox 296 2719 380 2802; x_wconf 87' lang='lat' dir='ltr'><strong>quod</strong></span> <span class='ocrx_word' id='word_1_198' title='bbox 407 2737 486 2804; x_wconf 85' lang='lat' dir='ltr'><strong>quae</strong></span> <span class='ocrx_word' id='word_1_199' title='bbox 513 2727 585 2786; x_wconf 90' lang='lat' dir='ltr'><strong>suut</strong></span> <span class='ocrx_word' id='word_1_200' title='bbox 613 2723 770 2786; x_wconf 86' lang='lat' dir='ltr'><strong>naturales</strong></span> <span class='ocrx_word' id='word_1_201' title='bbox 800 2729 831 2786; x_wconf 89' lang='lat' dir='ltr'><strong>et</strong></span> <span class='ocrx_word' id='word_1_202' title='bbox 858 2726 949 2804; x_wconf 88' lang='lat' dir='ltr'><strong>quasi</strong></span> <span class='ocrx_word' id='word_1_203' title='bbox 976 2726 1171 2796; x_wconf 76' lang='lat' dir='ltr'><strong>authenticae</strong></span> 
     </span>
     <span class='ocr_line' id='line_1_25' title="bbox 60 2817 1170 2904; baseline 0.015 -24"><span class='ocrx_word' id='word_1_204' title='bbox 60 2817 222 2882; x_wconf 79' lang='lat' dir='ltr'><strong>mondoum</strong></span> <span class='ocrx_word' id='word_1_205' title='bbox 256 2820 433 2902; x_wconf 86' lang='lat' dir='ltr'><strong>eatalexes,</strong></span> <span class='ocrx_word' id='word_1_206' title='bbox 470 2837 526 2884; x_wconf 88' lang='lat' dir='ltr'><strong>eae</strong></span> <span class='ocrx_word' id='word_1_207' title='bbox 557 2822 698 2886; x_wconf 88' lang='lat' dir='ltr'><strong>omuibus</strong></span> <span class='ocrx_word' id='word_1_208' title='bbox 726 2821 765 2885; x_wconf 89' lang='lat' dir='ltr'><strong>ad</strong></span> <span class='ocrx_word' id='word_1_209' title='bbox 792 2822 937 2886; x_wconf 89' lang='lat' dir='ltr'><strong>utendum</strong></span> <span class='ocrx_word' id='word_1_210' title='bbox 969 2832 1111 2904; x_wconf 88' lang='lat' dir='ltr'><strong>promtae</strong></span> <span class='ocrx_word' id='word_1_211' title='bbox 1138 2834 1170 2897; x_wconf 82' lang='lat' dir='ltr'><strong>ot</strong></span> 
     </span>
     <span class='ocr_line' id='line_1_26' title="bbox 62 2917 1171 3002; baseline 0.013 -25"><span class='ocrx_word' id='word_1_212' title='bbox 62 2917 250 2997; x_wconf 87' lang='lat' dir='ltr'><strong>propositae</strong></span> <span class='ocrx_word' id='word_1_213' title='bbox 271 2927 357 3002; x_wconf 89' lang='lat' dir='ltr'><strong>sunt,</strong></span> <span class='ocrx_word' id='word_1_214' title='bbox 377 2919 431 2984; x_wconf 91' lang='lat' dir='ltr'><strong>illa</strong></span> <span class='ocrx_word' id='word_1_215' title='bbox 450 2937 525 2984; x_wconf 87' lang='lat' dir='ltr'><strong>uere</strong></span> <span class='ocrx_word' id='word_1_216' title='bbox 548 2922 738 2985; x_wconf 88' lang='lat' dir='ltr'><strong>aoommuui</strong></span> <span class='ocrx_word' id='word_1_217' title='bbox 759 2938 818 2986; x_wconf 88' lang='lat' dir='ltr'><strong>usu</strong></span> <span class='ocrx_word' id='word_1_218' title='bbox 839 2921 1005 2988; x_wconf 84' lang='lat' dir='ltr'><strong>abhorrent</strong></span> <span class='ocrx_word' id='word_1_219' title='bbox 1025 2938 1089 2990; x_wconf 90' lang='lat' dir='ltr'><strong>nou</strong></span> <span class='ocrx_word' id='word_1_220' title='bbox 1109 2927 1171 2990; x_wconf 86' lang='lat' dir='ltr'><strong>mi-</strong></span> 
     </span>
     <span class='ocr_line' id='line_1_27' title="bbox 61 3010 1171 3109; baseline 0.01 -31"><span class='ocrx_word' id='word_1_221' title='bbox 61 3032 126 3078; x_wconf 88' lang='lat' dir='ltr'><strong>nus</strong></span> <span class='ocrx_word' id='word_1_222' title='bbox 149 3033 239 3096; x_wconf 87' lang='lat' dir='ltr'><strong>quam</strong></span> <span class='ocrx_word' id='word_1_223' title='bbox 259 3013 422 3100; x_wconf 66' lang='lat' dir='ltr'><strong>sodoims,</strong></span> <span class='ocrx_word' id='word_1_224' title='bbox 448 3014 603 3102; x_wconf 77' lang='grc' dir='ltr'><strong><em>μυθιήτης</em></strong></span> <span class='ocrx_word' id='word_1_225' title='bbox 630 3026 662 3083; x_wconf 90' lang='lat' dir='ltr'><strong>et</strong></span> <span class='ocrx_word' id='word_1_226' title='bbox 690 3019 810 3085; x_wconf 89' lang='lat' dir='ltr'><strong>similia.</strong></span> <span class='ocrx_word' id='word_1_227' title='bbox 858 3020 1019 3100; x_wconf 79' lang='lat' dir='ltr'><strong>Adjeotiva</strong></span> <span class='ocrx_word' id='word_1_228' title='bbox 1044 3025 1077 3090; x_wconf 89' lang='lat' dir='ltr'><strong>in</strong></span> <span class='ocrx_word' id='word_1_229' title='bbox 1100 3010 1171 3109; x_wconf 70' lang='grc' dir='ltr'><strong>η’ῐόξ</strong></span> 
     </span>
     <span class='ocr_line' id='line_1_28' title="bbox 64 3115 1169 3204; baseline 0.014 -26"><span class='ocrx_word' id='word_1_230' title='bbox 64 3115 212 3178; x_wconf 83' lang='lat' dir='ltr'><strong>exeuntia</strong></span> <span class='ocrx_word' id='word_1_231' title='bbox 236 3115 429 3181; x_wconf 85' lang='lat' dir='ltr'><strong>Hermaouus</strong></span> <span class='ocrx_word' id='word_1_232' title='bbox 464 3117 504 3181; x_wconf 90' lang='lat' dir='ltr'><strong>ad</strong></span> <span class='ocrx_word' id='word_1_233' title='bbox 532 3117 607 3184; x_wconf 87' lang='lat' dir='ltr'><strong>Oed.</strong></span> <span class='ocrx_word' id='word_1_234' title='bbox 637 3120 670 3183; x_wconf 86' lang='lat' dir='ltr'><strong>T.</strong></span> <span class='ocrx_word' id='word_1_235' title='bbox 700 3116 789 3182; x_wconf 86' lang='grc'>1216.</span> <span class='ocrx_word' id='word_1_236' title='bbox 815 3134 855 3181; x_wconf 91' lang='lat' dir='ltr'><strong>ne</strong></span> <span class='ocrx_word' id='word_1_237' title='bbox 889 3120 1017 3185; x_wconf 87' lang='lat' dir='ltr'><strong>eautiois</strong></span> <span class='ocrx_word' id='word_1_238' title='bbox 1046 3126 1169 3204; x_wconf 82' lang='lat' dir='ltr'><strong>quidem</strong></span> 
     </span>
     <span class='ocr_line' id='line_1_29' title="bbox 64 3211 1170 3307; baseline 0.011 -33"><span class='ocrx_word' id='word_1_239' title='bbox 64 3211 267 3292; x_wconf 79' lang='lat' dir='ltr'><strong>Tragioorum</strong></span> <span class='ocrx_word' id='word_1_240' title='bbox 289 3215 432 3280; x_wconf 89' lang='lat' dir='ltr'><strong>oonoedit</strong></span> <span class='ocrx_word' id='word_1_241' title='bbox 452 3216 512 3280; x_wconf 89' lang='lat' dir='ltr'><strong>uisi</strong></span> <span class='ocrx_word' id='word_1_242' title='bbox 534 3235 571 3281; x_wconf 90' lang='lat' dir='ltr'><strong>ao</strong></span> <span class='ocrx_word' id='word_1_243' title='bbox 592 3217 699 3298; x_wconf 81' lang='lat' dir='ltr'><strong>Epieis</strong></span> <span class='ocrx_word' id='word_1_244' title='bbox 727 3217 937 3296; x_wconf 82' lang='lat' dir='ltr'><strong>praeformata</strong></span> <span class='ocrx_word' id='word_1_245' title='bbox 965 3225 998 3282; x_wconf 92' lang='lat' dir='ltr'><strong>ut</strong></span> <span class='ocrx_word' id='word_1_246' title='bbox 1025 3219 1170 3307; x_wconf 78' lang='grc' dir='ltr'><em>φοιβήιος</em></span> 
     </span>
     <span class='ocr_line' id='line_1_30' title="bbox 65 3303 1170 3396; baseline 0.014 -22"><span class='ocrx_word' id='word_1_247' title='bbox 65 3313 167 3374; x_wconf 77' lang='lat' dir='ltr'><strong>eto.⁶⁶</strong></span> <span class='ocrx_word' id='word_1_248' title='bbox 187 3328 206 3374; x_wconf 94' lang='lat' dir='ltr'><strong>a</strong></span> <span class='ocrx_word' id='word_1_249' title='bbox 228 3312 373 3378; x_wconf 89' lang='lat' dir='ltr'><strong>diverbiis</strong></span> <span class='ocrx_word' id='word_1_250' title='bbox 395 3303 525 3395; x_wconf 76' lang='lat' dir='ltr'><strong>priorsus</strong></span> <span class='ocrx_word' id='word_1_251' title='bbox 553 3315 666 3379; x_wconf 90' lang='lat' dir='ltr'><strong>absunt</strong></span> <span class='ocrx_word' id='word_1_252' title='bbox 687 3321 718 3378; x_wconf 89' lang='lat' dir='ltr'><strong>et</strong></span> <span class='ocrx_word' id='word_1_253' title='bbox 743 3315 837 3379; x_wconf 90' lang='lat' dir='ltr'><strong>multo</strong></span> <span class='ocrx_word' id='word_1_254' title='bbox 867 3316 964 3396; x_wconf 81' lang='lat' dir='ltr'><strong>magis</strong></span> <span class='ocrx_word' id='word_1_255' title='bbox 986 3333 1005 3382; x_wconf 88' lang='lat' dir='ltr'><strong>a</strong></span> <span class='ocrx_word' id='word_1_256' title='bbox 1026 3337 1170 3390; x_wconf 88' lang='lat' dir='ltr'><strong>sermone</strong></span> 
     </span>
     <span class='ocr_line' id='line_1_31' title="bbox 65 3405 1236 3502; baseline 0.01 -29"><span class='ocrx_word' id='word_1_257' title='bbox 65 3409 256 3496; x_wconf 86' lang='lat' dir='ltr'><strong>quotidiano,</strong></span> <span class='ocrx_word' id='word_1_258' title='bbox 277 3414 309 3476; x_wconf 91' lang='lat' dir='ltr'><strong>in</strong></span> <span class='ocrx_word' id='word_1_259' title='bbox 330 3430 391 3493; x_wconf 90' lang='lat' dir='ltr'><strong>quo</strong></span> <span class='ocrx_word' id='word_1_260' title='bbox 413 3430 506 3476; x_wconf 90' lang='lat' dir='ltr'><strong>unum</strong></span> <span class='ocrx_word' id='word_1_261' title='bbox 526 3415 628 3494; x_wconf 89' lang='lat' dir='ltr'><strong>reperi</strong></span> <span class='ocrx_word' id='word_1_262' title='bbox 649 3405 757 3496; x_wconf 80' lang='grc' dir='ltr'><em>ἀρήιος</em></span> <span class='ocrx_word' id='word_1_263' title='bbox 783 3407 864 3496; x_wconf 75' lang='grc' dir='ltr'><em>ἀνήρ</em></span> <span class='ocrx_word' id='word_1_264' title='bbox 883 3415 1018 3497; x_wconf 82' lang='lat' dir='ltr'><strong>Aloiplrr.</strong></span> <span class='ocrx_word' id='word_1_265' title='bbox 1040 3419 1088 3483; x_wconf 91' lang='grc' dir='ltr'>ΙΙΙ.</span> <span class='ocrx_word' id='word_1_266' title='bbox 1109 3421 1167 3502; x_wconf 81' lang='lat' dir='ltr'><strong>Ep.</strong></span> <span class='ocrx_word' id='word_1_267' title='bbox 1219 3417 1236 3450; x_wconf 77' lang='grc'><strong>·““</strong></span> 
     </span>
     <span class='ocr_line' id='line_1_32' title="bbox 64 3501 1168 3600; baseline 0.007 -28"><span class='ocrx_word' id='word_1_268' title='bbox 64 3508 116 3573; x_wconf 83' lang='grc'><strong>58.</strong></span> <span class='ocrx_word' id='word_1_269' title='bbox 139 3501 250 3592; x_wconf 75' lang='grc' dir='ltr'><em>ἀρήιον</em></span> <span class='ocrx_word' id='word_1_270' title='bbox 271 3507 369 3574; x_wconf 73' lang='grc' dir='ltr'><strong><em>ὅπλον</em></strong></span> <span class='ocrx_word' id='word_1_271' title='bbox 398 3512 522 3588; x_wconf 85' lang='lat' dir='ltr'><strong>Quintil.</strong></span> <span class='ocrx_word' id='word_1_272' title='bbox 543 3511 581 3576; x_wconf 90' lang='lat' dir='ltr'><strong>de</strong></span> <span class='ocrx_word' id='word_1_273' title='bbox 601 3513 680 3576; x_wconf 87' lang='lat' dir='ltr'><strong>Mus.</strong></span> <span class='ocrx_word' id='word_1_274' title='bbox 701 3513 736 3576; x_wconf 92' lang='lat' dir='ltr'><strong>ll.</strong></span> <span class='ocrx_word' id='word_1_275' title='bbox 758 3530 787 3592; x_wconf 92' lang='lat' dir='ltr'><strong>p.</strong></span> <span class='ocrx_word' id='word_1_276' title='bbox 810 3515 858 3578; x_wconf 76' lang='lat'><strong>71.</strong></span> <span class='ocrx_word' id='word_1_277' title='bbox 876 3515 1032 3595; x_wconf 70' lang='grc' dir='ltr'><strong><em>θρίαμβος</em></strong></span> <span class='ocrx_word' id='word_1_278' title='bbox 1058 3511 1168 3600; x_wconf 75' lang='grc' dir='ltr'>ἀρήιος</span> 
     </span>
     <span class='ocr_line' id='line_1_33' title="bbox 65 3607 1166 3690; baseline 0.011 -19"><span class='ocrx_word' id='word_1_279' title='bbox 65 3607 145 3671; x_wconf 89' lang='lat' dir='ltr'><strong>Plut.</strong></span> <span class='ocrx_word' id='word_1_280' title='bbox 168 3609 203 3673; x_wconf 82' lang='lat' dir='ltr'><strong>ll.</strong></span> <span class='ocrx_word' id='word_1_281' title='bbox 224 3610 318 3675; x_wconf 86' lang='lat' dir='ltr'><strong>llere.</strong></span> <span class='ocrx_word' id='word_1_282' title='bbox 336 3610 426 3676; x_wconf 73' lang='lat' dir='ltr'><strong>llllll.</strong></span> <span class='ocrx_word' id='word_1_283' title='bbox 446 3617 476 3675; x_wconf 91' lang='lat' dir='ltr'><strong>et</strong></span> <span class='ocrx_word' id='word_1_284' title='bbox 496 3611 527 3674; x_wconf 89' lang='lat' dir='ltr'><strong>in</strong></span> <span class='ocrx_word' id='word_1_285' title='bbox 549 3610 659 3690; x_wconf 88' lang='lat' dir='ltr'><strong>plurali</strong></span> <span class='ocrx_word' id='word_1_286' title='bbox 681 3617 715 3673; x_wconf 93' lang='lat' dir='ltr'><strong>ut</strong></span> <span class='ocrx_word' id='word_1_287' title='bbox 734 3611 886 3676; x_wconf 87' lang='lat' dir='ltr'><strong>Homerus</strong></span> <span class='ocrx_word' id='word_1_288' title='bbox 912 3614 1048 3679; x_wconf 82' lang='lat' dir='ltr'><strong>Amator.</strong></span> <span class='ocrx_word' id='word_1_289' title='bbox 1076 3617 1166 3683; x_wconf 84' lang='lat' dir='ltr'><strong>XVll.</strong></span> 
     </span>
     <span class='ocr_line' id='line_1_34' title="bbox 66 3704 1167 3792; baseline 0.011 -24"><span class='ocrx_word' id='word_1_290' title='bbox 66 3705 213 3771; x_wconf 88' lang='lat' dir='ltr'><strong>Philostr.</strong></span> <span class='ocrx_word' id='word_1_291' title='bbox 233 3707 346 3790; x_wconf 84' lang='lat' dir='ltr'><strong>lmagg.</strong></span> <span class='ocrx_word' id='word_1_292' title='bbox 369 3710 418 3774; x_wconf 85' lang='lat' dir='ltr'><strong>XI.</strong></span> <span class='ocrx_word' id='word_1_293' title='bbox 439 3709 509 3775; x_wconf 83' lang='lat'><strong>882.</strong></span> <span class='ocrx_word' id='word_1_294' title='bbox 531 3704 770 3792; x_wconf 74' lang='grc' dir='ltr'><strong><em>Δία’ἑταιρήιον</em></strong></span> <span class='ocrx_word' id='word_1_295' title='bbox 797 3709 979 3774; x_wconf 87' lang='lat' dir='ltr'><strong>Parthenius</strong></span> <span class='ocrx_word' id='word_1_296' title='bbox 1011 3729 1036 3776; x_wconf 89' lang='lat' dir='ltr'><strong>o.</strong></span> <span class='ocrx_word' id='word_1_297' title='bbox 1064 3714 1167 3782; x_wconf 83' lang='lat' dir='ltr'><strong>lllllll</strong></span> 
     </span>
     <span class='ocr_line' id='line_1_35' title="bbox 66 3803 1169 3889; baseline 0.01 -21"><span class='ocrx_word' id='word_1_298' title='bbox 66 3803 242 3869; x_wconf 81' lang='lat' dir='ltr'><strong>Femiuiuae</strong></span> <span class='ocrx_word' id='word_1_299' title='bbox 263 3808 429 3886; x_wconf 87' lang='lat' dir='ltr'><strong>positionis</strong></span> <span class='ocrx_word' id='word_1_300' title='bbox 450 3806 591 3888; x_wconf 76' lang='lat' dir='ltr'><strong>exempla</strong></span> <span class='ocrx_word' id='word_1_301' title='bbox 611 3807 768 3888; x_wconf 88' lang='lat' dir='ltr'><strong>aliquanto</strong></span> <span class='ocrx_word' id='word_1_302' title='bbox 790 3808 879 3889; x_wconf 89' lang='lat' dir='ltr'><strong>plura</strong></span> <span class='ocrx_word' id='word_1_303' title='bbox 900 3810 1045 3874; x_wconf 90' lang='lat' dir='ltr'><strong>suntsed</strong></span> <span class='ocrx_word' id='word_1_304' title='bbox 1067 3817 1169 3880; x_wconf 89' lang='lat' dir='ltr'><strong>omnia</strong></span> 
     </span>
    </p>
   </div>
   <div class='ocr_carea' id='block_1_2' title="bbox 71 4023 1169 4165">
    <p class='ocr_par' dir='ltr' id='par_1_2' title="bbox 71 4023 1169 4165">
     <span class='ocr_line' id='line_1_36' title="bbox 134 4023 1169 4100; baseline 0.007 -20"><span class='ocrx_word' id='word_1_305' title='bbox 134 4023 180 4091; x_wconf 79' lang='lat'><strong>66]</strong></span> <span class='ocrx_word' id='word_1_306' title='bbox 206 4023 263 4080; x_wconf 86' lang='lat' dir='ltr'><strong>lloo</strong></span> <span class='ocrx_word' id='word_1_307' title='bbox 288 4029 366 4083; x_wconf 87' lang='lat' dir='ltr'><strong>etiam</strong></span> <span class='ocrx_word' id='word_1_308' title='bbox 384 4025 477 4098; x_wconf 74' lang='grc' dir='ltr'><strong><em>ἀρήιος</em></strong></span> <span class='ocrx_word' id='word_1_309' title='bbox 495 4025 592 4085; x_wconf 77' lang='lat' dir='ltr'><strong>neselr.</strong></span> <span class='ocrx_word' id='word_1_310' title='bbox 611 4025 684 4098; x_wconf 88' lang='lat' dir='ltr'><strong>Sept.</strong></span> <span class='ocrx_word' id='word_1_311' title='bbox 707 4027 763 4082; x_wconf 83' lang='lat' dir='ltr'><strong>lll.</strong></span> <span class='ocrx_word' id='word_1_312' title='bbox 788 4025 878 4083; x_wconf 86' lang='lat' dir='ltr'><strong>relerri</strong></span> <span class='ocrx_word' id='word_1_313' title='bbox 895 4031 987 4096; x_wconf 88' lang='lat' dir='ltr'><strong>posset</strong></span> <span class='ocrx_word' id='word_1_314' title='bbox 1001 4032 1023 4084; x_wconf 90' lang='lat' dir='ltr'><strong>si</strong></span> <span class='ocrx_word' id='word_1_315' title='bbox 1041 4033 1169 4100; x_wconf 78' lang='lat' dir='ltr'><strong>scriptura</strong></span> 
     </span>
     <span class='ocr_line' id='line_1_37' title="bbox 71 4111 210 4165; baseline -0.029 -1"><span class='ocrx_word' id='word_1_316' title='bbox 71 4111 210 4165; x_wconf 82' lang='lat' dir='ltr'><strong>constaret.</strong></span> 
     </span>
    </p>
   </div>
   <div class='ocr_carea' id='block_1_3' title="bbox 0 0 1388 4994">
    <p class='ocr_par' dir='ltr' id='par_1_3' title="bbox 0 0 1388 4994">
     <span class='ocr_line' id='line_1_38' title="bbox 0 0 1388 4994; baseline 0 0"><span class='ocrx_word' id='word_1_317' title='bbox 0 0 1388 4994; x_wconf 95' lang='lat' dir='ltr'><strong> </strong></span> 
     </span>
    </p>
   </div>
  </div>
 </body>
</html>
