2770 4992
212 279 265 344 DE
288 279 381 346 MUT.
404 277 561 346 dunum.
583 277 740 346 CAUSIS.
767 279 799 346 d.
813 279 914 356 ΗΜ.
928 281 957 347 8.
1096 285 1145 356 79

56 451 125 528 suut,
151 445 198 510 vel
225 446 321 512 ubam
347 461 440 527 onam
467 443 704 510 familiaritatem
732 453 766 510 ut
794 443 992 512 salicastrum
1019 449 1095 530 onia
1112 452 1144 518 ln

56 543 154 608 salictis
172 545 316 620 uescitur
335 545 412 610 Plin.
435 545 604 626 apiastrum
625 543 737 624 apibus
758 553 894 628 matum,
916 561 1012 626 quare
1035 547 1144 616 Gracci

54 640 278 727 μελισσόφυλλον
295 650 418 709 vocant.
445 643 500 706 llis
515 643 661 723 apposita
674 650 746 710 suut
760 643 904 708 arborum
920 650 1045 714 nomina
1057 665 1146 718 ιιιιιε-

55 743 137 806 culina
163 743 320 826 oleaster,
350 743 716 830 piocastcr,pineaster‚
737 743 906 824 eademque
929 749 1145 816 terminatione

53 841 184 906 lominum
204 842 465 922 hypocorismata
483 841 702 924 Antoniaster,
729 841 948 928 luviniaco,
980 855 1144 927 pueraster

52 934 171 1015 ἀντίπαις
192 939 300 1006 Gloss.
324 939 503 1021 catulaster,
524 939 626 1020 qualia
644 941 712 1004 llali
727 942 923 1023 frequentant
936 946 1150 1030 mediconno,
1184 947 1187 956 “

48 1044 206 1120 poctmtco,
231 1047 266 1104 et
289 1039 469 1102 affinitatum
490 1037 643 1102 voeabula
664 1039 811 1104 nonnulla
829 1049 995 1128 patraster,
1015 1045 1151 1114 filiaster·

51 1143 74 1198 ct
90 1136 219 1222 liliastra,
240 1139 295 1202 cui
315 1136 416 1202 similo
434 1135 572 1218 apiastro
587 1153 675 1202 avem
689 1139 840 1219 significat
855 1141 967 1222 apibus
982 1142 1143 1229 infensum,

52 1241 100 1300 tum
118 1243 226 1300 neutra
247 1236 444 1318 palliastrum
465 1243 702 1320 serperastrum,
722 1237 918 1319 falcastrum
939 1259 962 1306 a
977 1241 1074 1324 soleta
1094 1247 1144 1308 si·-

51 1336 211 1400 nilltudtuc
232 1335 347 1400 Isidor.
362 1333 465 1414 Origg.
479 1333 542 1400 XX.
561 1334 651 1418 145³
672 1343 702 1400 ct
725 1334 880 1418 adjectiva
899 1347 1053 1424 canastar,
1069 1340 1147 1408 'cal-

50 1442 152 1519 vastor,
173 1438 362 1516 formaster,
383 1434 547 1517 lulvnster,
567 1434 733 1520 molestet,
754 1437 961 1522 ucvefflster,
982 1439 1146 1512 surdaster

51 1533 138 1599 eadem
164 1534 396 1617 significatione
430 1547 491 1614 qua
523 1533 744 1614 lrmcogallica
763 1535 941 1616 jcoadtre,
976 1538 1142 1622 reaudire,

50 1631 218 1700 lloacltdtrc
239 1642 302 1700 etc.
347 1630 483 1698 Eandem
504 1633 564 1695 vim
586 1635 821 1699 assimilationis
839 1635 932 1700 babet
953 1635 1015 1704 alia
1036 1639 1144 1704 termi·

50 1734 133 1816 natio,
153 1751 215 1815 qua
238 1735 416 1816 plantarum
436 1732 562 1796 uomina
575 1732 719 1818 gaudent,
741 1734 883 1816 cunilago
907 1733 1144 1816 (cirnilaesimi-
1214 1728 1218 1740 ⁴

50 1828 99 1912 lis),
119 1834 258 1916 lerulago
283 1830 520 1916 (nartheciam),
551 1832 702 1912 tussilago
725 1829 871 1916 (βήχιου),
893 1833 1004 1914 solago
1027 1835 1144 1917 (bello-

52 1931 190 2016 tropium),
214 1933 384 2016 plumbago
400 1928 643 2012 (molybdaena),
664 1932 785 2012 vitrago
809 1948 827 1994 n
848 1932 919 1994 vitri
936 1933 1144 2020 similitudine,

51 2028 118 2107 quod
144 2047 182 2094 ex
210 2032 360 2098 Oribasic
389 2029 476 2094 allert
504 2027 675 2094 Salmasius
705 2030 801 2095 Solio.
831 2029 899 2096 180.
926 2031 981 2112 ul.;
1015 2034 1145 2118 citrago,

52 2127 167 2213 tairago,
186 2131 272 2198 unde
293 2130 350 2193 illa
369 2129 537 2192 existimari
558 2135 691 2210 possunt
714 2145 843 2210 quorum
865 2135 968 2208 styma
989 2133 1145 2214 ignotiora

52 2237 108 2292 suut
121 2248 268 2314 caprago,
290 2228 435 2310 lappago,
448 2226 604 2310 laolilago,
620 2229 770 2311 astringo,
784 2227 903 2312 selago,
924 2231 1055 2312 trixago.
1087 2231 1144 2300 llis

53 2331 218 2410 aequipares
240 2332 350 2408 virago
373 2327 402 2389 h.
425 2343 451 2390 e.
472 2318 653 2405 ἆρῤενωπός
674 2327 740 2392 sive
762 2320 931 2412 ἀνδρώδης,
959 2335 990 2392 et
1012 2330 1144 2410 piscium

51 2429 261 2510 appellationes
284 2442 452 2508 ancorago,
472 2421 608 2506 milvago
629 2425 723 2508 (idem
744 2429 880 2492 fortasse
894 2426 1006 2508 milago
1027 2429 1065 2492 ab
1083 2431 1145 2496 lsi-

54 2523 115 2590 doro
133 2527 234 2594 dictus
257 2547 286 2592 v.
311 2523 488 2592 Schneider.
504 2523 633 2589 drumm.
650 2525 685 2608 ll,
699 2523 763 2606 86.)
787 2532 817 2588 et
838 2526 1017 2592 morborum
1033 2543 1051 2592 a
1067 2545 1144 2610 par-.-

53 2624 119 2690 tilius
132 2630 288 2711 eorporis,
308 2626 421 2708 quibus
435 2622 587 2705 accidunt,
608 2622 874 2688 denominatarum
896 2628 1037 2708 coriaco,
1060 2627 1145 2694 tum·-

55 2719 130 2809 lopo,
150 2730 306 2810 ossilago,
330 2723 517 2806 aliarumque
538 2738 640 2788 rerum
662 2737 741 2803 quae
763 2721 802 2787 ad
824 2739 916 2788 uuum
936 2740 1035 2806 genus
1049 2743 1145 2790 ravo-

55 2825 104 2886 oarl
115 2833 285 2908 nequeunt:
307 2841 448 2907 carrago,
467 2822 631 2905 capillago,
644 2837 783 2903 carrago,
798 2822 940 2903 similago
954 2824 973 2888 i.
988 2841 1016 2908 q.
1035 2826 1145 2910 simila,

53 2922 176 3005 aesopo,
196 2929 256 3007 pia
277 2923 400 3005 liquido
421 2921 523 2988 Gloss.
545 2929 578 2986 ut
600 2939 638 2986 ea
660 2921 797 2986 omittam
812 2938 943 3002 quorum
957 2923 1146 2990 causaediei

55 3031 104 3082 uon
122 3031 254 3102 possunt
278 3020 444 3105 cartilago,
467 3028 603 3104 sartago,
626 3024 746 3100 lunago.
789 3020 975 3086 Terminalia
998 3041 1060 3103 ago
1082 3039 1147 3088 non

57 3113 139 3183 diona
158 3122 196 3186 ab
218 3121 338 3204 herbis,
358 3121 493 3202 mollugo
517 3119 688 3203 (lappaginl
706 3119 829 3202 similis)
851 3127 882 3185 et
903 3138 1067 3206 asperugo,
1089 3119 1147 3188 sud

57 3216 175 3283 crebrior
201 3223 235 3290 in
263 3221 332 3287 aliis
355 3237 434 3301 quae
456 3220 543 3300 attigi
563 3221 595 3284 in
616 3211 779 3300 Parallsp.
801 3217 851 3284 29.
875 3218 996 3285 cl139.
1019 3221 1147 3304 propria

58 3327 116 3379 tero
130 3319 187 3384 illis
203 3340 276 3401 occ,
292 3319 455 3404 lingulaca,
477 3319 649 3402 portulaca,
670 3317 853 3400 verbenaca,
867 3319 1039 3402 pastinaca,
1055 3334 1146 3399 quarn

58 3416 250 3490 pastinaceum
271 3425 363 3484 vocat
386 3417 514 3503 Glossa,
541 3416 700 3482 intellecto
722 3417 917 3482 substantivo
935 3433 1012 3499 pcc,
1034 3423 1068 3480 ut
1089 3435 1146 3498 pes

59 3511 212 3584 malvaeeus
235 3525 268 3584 et
290 3517 433 3583 absoluto
453 3516 640 3600 malvaocus,
662 3514 745 3596 quod
766 3523 888 3580 veteres
909 3517 954 3579 ita
976 3532 1148 3597 usurpasse

60 3621 168 3690 tonaret
188 3635 228 3684 ex
249 3617 401 3683 Prisciani
421 3617 454 3680 L.
477 3615 526 3679 lll.
548 3616 576 3698 7,
600 3613 668 3679 138.
693 3613 825 3695 (Charis.
840 3614 861 3681 l.
877 3614 927 3679 24.
940 3613 976 3678 ll.
992 3613 1074 3695 128.)
1093 3615 1146 3680 ubi

62 3715 187 3796 exemplis
208 3717 319 3783 mutati
340 3717 372 3778 in
393 3712 587 3780 deminutivis
603 3718 634 3778 ct
652 3711 889 3776 denominativis
902 3713 1026 3794 generis
1047 3713 1162 3794 (ensis.

60 3863 337 3892 Qu*—

115 3961 155 4030 38)
176 3967 321 4036 Sputbotcn
346 3969 386 4020 est
411 3963 595 4032 seliquastrurn
620 3963 638 4016 i.
666 3975 690 4016 e.
717 3963 784 4026 sella
811 3961 909 4032 quadra
934 3966 962 4015 ut
991 3967 1102 4014 castrum
1122 3965 1149 4017 et

64 4047 129 4100 castra
145 4047 175 4105 de
193 4051 338 4106 mannitione
357 4047 497 4115 praeliata,
525 4052 551 4102 et
569 4051 673 4102 caterva
691 4060 737 4116 pru
757 4051 890 4111 casterva;
914 4043 1068 4102 castellatim
1089 4043 1147 4098 Pli-

66 4123 181 4188 illedixit
198 4151 243 4206 pro
263 4132 424 4188 catervatim.
448 4157 479 4170 -
