2750 4994
213 304 278 373 lut
324 243 328 248 ⁸
564 297 884 366 urssuurnrro
913 300 949 366 ll.

213 473 298 536 oerte
328 483 394 534 nen
426 465 581 548 ignoravit
611 463 670 528 bne
697 465 818 530 ratione
843 466 897 530 rix
924 458 1143 549 ιἰιφειιίβοιιι12
1169 467 1326 551 explicari

211 585 319 652 puseo,
339 565 451 632 niodum
475 563 697 646 Πρωτεσίλαος,
718 565 924 646 ταμεσίχροας,
945 560 1145 648 ἐγχεσίμωροι·
1157 567 1327 648 quonim-

80 665 82 672 ’
211 667 345 734 statilius
366 664 438 747 403,
458 663 507 730 44.
527 679 599 728 oum
617 663 839 744 πηγεσίμαλλως
851 666 1015 728 eonsueiat
1029 673 1059 730 et
1075 666 1152 746 alie3
1175 665 1232 730 sed
1251 667 1326 730 ior·-

212 773 298 832 tnsse
321 767 368 830 sie
387 763 448 827 sibi
469 761 626 843 persuasit
642 760 790 844 Graecos,
811 779 903 842 quum
916 763 994 828 bueo
1006 764 1164 848 tingerent,
1185 766 1326 828 animum

209 864 382 932 intendisse
402 859 440 926 ed
461 859 615 924 voeabula
636 875 766 939 quorum
787 877 825 925 eo
837 868 948 924 natura
969 869 1072 926 estut
1093 880 1150 944 pro
1172 863 1326 927 nenessi-

210 971 276 1032 tete
296 960 497 1030 scribentium
519 957 641 1038 epsilon
659 963 690 1020 et
710 960 850 1039 recipere
864 963 988 1040 possint
1004 969 1036 1026 et
1049 979 1198 1043 respuere
1215 955 1325 1044 ἐθάμ-

211 1083 303 1136 emon
321 1055 503 1140 ἀριδείκετος
531 1050 710 1137 derexero,
740 1064 833 1138 atque
853 1057 925 1122 hino
945 1059 1095 1139 gradatim
1117 1064 1325 1142 proeessisse

211 1163 252 1229 ud
271 1161 333 1226 elin
353 1157 464 1240 quibus
486 1171 524 1220 ee
543 1154 634 1218 litera
654 1171 710 1236 per
731 1172 767 1219 se
789 1156 891 1222 aliene
904 1157 961 1224 sed
975 1165 1008 1223 ut
1023 1175 1145 1224 versum
1157 1161 1323 1224 beroieum

209 1262 325 1326 intrare
352 1256 475 1338 possint
499 1254 682 1348 neeesse-riu
710 1262 775 1335 est3
814 1271 851 1318 oe
871 1258 1000 1337 primum
1020 1259 1141 1338 quidem
1160 1259 1214 1322 illa
1234 1275 1322 1340 quae

211 1375 280 1424 eunr
302 1355 411 1422 suturis
439 1354 470 1417 in
497 1351 540 1429 ξω
563 1359 594 1418 et
613 1362 670 1428 ue.
687 1355 871 1420 exeuntibus
894 1358 1069 1436 eonpositn
1088 1363 1160 1421 sunt
1181 1357 1323 1438 duplici·-

209 1458 269 1524 bus
292 1453 453 1520 dissolutis
474 1451 731 1534 καμπεσίῳουνος,
752 1453 991 1536 θελγεσιμυθος,
1013 1448 1247 1536 ἀρχισίμολπος,
1273 1463 1321 1544 et,

210 1557 238 1622 si
258 1571 299 1619 ne
319 1553 366 1616 sie
388 1550 508 1632 quidem
529 1557 627 1614 metro
650 1551 842 1635 sufficerent,
866 1561 1010 1635 correpta
1030 1555 1132 1618 vocali
1151 1555 1321 1636 principali

208 1647 398 1736 λιπεσήνωρ,
427 1656 479 1714 aut
507 1649 683 1716 sublatione
711 1667 871 1732 syncopae
898 1652 1095 1735 ταμεσίχροος
1121 1669 1178 1733 pro
1201 1656 1320 1736 τμησί-

207 1747 347 1836 χροος.13
397 1747 611 1829 Πρωτεσίλαος
630 1765 705 1813 vero
735 1755 766 1812 et
793 1750 916 1832 siquid
938 1749 1019 1814 eliud
1040 1768 1059 1814 a
1079 1752 1202 1816 nomine
1224 1753 1318 1818 ordi—

210 1860 268 1936 tur,
289 1849 459 1916 imitatione
480 1863 662 1928 expressum
682 1847 803 1912 videtur
823 1865 863 1912 ex
883 1849 922 1912 iis
936 1843 1015 1928 quse
1029 1865 1098 1914 eum
1113 1847 1215 1914 dativo
1231 1868 1319 1917 oon-

205 1955 315 2034 tunete
334 1954 407 2014 sunt
428 1948 538 2028 partim
557 1946 680 2026 hyphen
695 1938 793 2026 ’Λργώ
810 1942 1029 2029 πασῳέιουσα,
1052 1950 1161 2029 purtim
1174 1950 1317 2017 inunum

209 2063 325 2132 eorpus
348 2045 529 2112 euoluerunt
552 2045 726 2128 Πασίφιλος
742 2044 830 2110 Diod.
844 2045 907 2110 XX.
924 2045 972 2110 uu.
995 2043 1224 2129 Μηδεσικάστη,
1246 2071 1316 2114 τει-

207 2142 395 2232 χισιπλήτης,
416 2143 686 2228 δακρυσίστακτος,
707 2139 945 2227 venumdemus.
973 2144 1233 2221 Quemadmodum
1251 2167 1316 2214 nu-

208 2256 269 2315 tem
289 2247 403 2312 nullius
424 2244 566 2323 imaginis
588 2249 649 2307 torn
670 2243 810 2323 perfeeto
829 2250 879 2308 est
900 2243 1065 2309 similitudo
1088 2247 1160 2325 quin
1177 2246 1217 2310 ed
1232 2265 1315 2329 pro-

207 2349 342 2432 posituro
368 2343 539 2424 exemplum
566 2343 669 2422 ulique
690 2357 729 2405 ex
748 2349 836 2423 purte
857 2341 992 2426 dedolet,
1021 2343 1067 2406 sie
1089 2344 1127 2406 ob
1152 2343 1214 2410 illis
1241 2349 1314 2414 dis-

207 2449 335 2527 orepent
362 2435 551 2523 suegrestede
579 2440 716 2520 Theogn.
744 2439 840 2506 Bekk.
869 2441 1066 2521 p.1ti'l.b.
1096 2435 1312 2529 ἀλγεσίδωρος,

209 2540 440 2620 Γαλαξίδωρος,
472 2556 510 2602 ea
535 2555 570 2606 re
597 2539 680 2618 quod
700 2539 802 2604 inhis
823 2539 917 2604 dutivi
938 2541 1121 2621 significatio
1142 2544 1227 2608 nulla
1248 2565 1312 2629 ep-

206 2647 310 2725 pnret‚
336 2638 497 2719 dupliciter
518 2633 832 2721 veronoeoeeedeos,
862 2641 935 2720 quio
955 2657 1023 2704 eum
1045 2643 1169 2710 nomine
1190 2646 1312 2725 primae

205 2737 420 2807 deelinutionts
442 2734 618 2817 copulatum
640 2744 705 2821 est,
733 2744 764 2802 et
784 2737 965 2818 longissime
985 2739 1203 2822 τηλεοίφαπος
1223 2747 1312 2824 quod

203 2855 243 2906 ne
272 2839 340 2902 eum
366 2836 489 2899 nomine
517 2831 638 2915 quidem
669 2836 707 2900 et.
736 2835 775 2900 ed
801 2836 913 2918 Pbryn.
935 2836 1005 2904 684.
1027 2837 1148 2922 etl68.
1190 2839 1310 2907 Eadem

204 2943 306 3003 entem
332 2935 380 2999 vis
408 2931 631 3014 syneodromee
658 2933 835 2999 verbalibus
870 2937 1089 3020 λυπησαογος,
1119 2939 1308 3021 eluerimus,

203 3033 419 3118 κραιησίπους,
441 3031 647 3114 Χαιρησίλαος
663 3032 755 3098 Pnus.
774 3033 885 3118 litto,
900 3035 927 3100 1.
950 3036 1132 3119 adaequavit
1146 3040 1308 3118 proprium

198 3129 405 3219 Ἑρμησιάναξ
429 3125 614 3214 (Ἑρμῶναξ)
641 3136 672 3196 et
694 3131 853 3213 epitheton
881 3130 1094 3217 Μελησιγινής
1112 3152 1169 3216 pro
1192 3139 1307 3224 Μελη-

202 3227 335 3317 τογενής.
385 3233 513 3296 Tantum
541 3229 579 3294 de
606 3231 821 3310 interjectione
850 3248 964 3312 gruem
991 3249 1081 3314 quum
1109 3234 1307 3303 Grurnrnatiei

203 3332 358 3415 opinionis
380 3347 486 3396 errore
502 3331 562 3396 sibi
580 3329 739 3394 linxerunt.
780 3330 891 3394 Latina
912 3338 1013 3396 autern
1034 3333 1251 3413 prosimurium
1274 3345 1306 3403 et

200 3429 376 3514 persolaeul
395 3429 434 3494 ub
448 3430 601 3498 obsoletis
623 3428 753 3493 voeibus
766 3445 861 3509 prose
883 3436 914 3494 et
935 3447 1027 3512 perse
1040 3434 1217 3512 compositu
1231 3453 1305 3502 esse

200 3531 364 3596 multorum
380 3528 483 3609 opinio
499 3535 556 3594 est.
601 3525 663 3591 Sed
685 3543 704 3589 a
726 3525 911 3592 Graecorum
935 3531 1114 3595 eornmentis
1136 3547 1201 3595 non
1221 3535 1304 3598 mul-

201 3636 264 3694 tunr
293 3629 417 3695 oberret
445 3626 533 3693 Gellii
560 3626 716 3690 sententie
743 3623 833 3689 XVII.
860 3625 889 3709 2,
912 3628 960 3693 17.
990 3634 1172 3696 sermonum
1196 3637 1303 3698 rusti-

266 3927 310 3996 12)
333 3926 382 3982 Pro
401 3924 567 3992 otbertum
585 3928 664 3992 puto,
681 3927 710 3976 ut
727 3921 936 3993 φοβεσιστράτη.

264 4043 309 4110 13)
333 4042 363 4095 si
381 4041 490 4097 Generis
507 4038 629 4096 libuisset
652 4039 733 4097 verbu
749 4045 850 4108 ταμεῖν
871 4040 1028 4100 subnectere
1051 4057 1161 4112 nonen,
1187 4043 1301 4116 τάμεσις

196 4125 324 4180 dixissent
339 4129 368 4178 ut
378 4125 491 4192 γένεσις.
504 4171 508 4182 ,
1107 4141 1109 4149 ι
