2768 4994
220 275 291 346 HS
581 273 905 341 nlssnhrhrio
941 273 976 340 X.

220 443 277 526 τῆς
295 427 346 522 ἐξ
365 437 464 515 ἄλλως
484 435 518 504 dt
537 433 609 504 καθ’
630 434 845 524 ὕοιοκοριομὸν
865 433 1198 526 temereternere
1213 432 1322 510 uticem.

223 539 287 608 Sed
305 535 425 614 κάοοος
449 539 525 604 illud
551 555 664 604 nomen
692 541 937 605 commenticium
965 546 1014 603 est
1043 546 1076 603 et
1102 533 1253 613 πάσοαξ,
1279 549 1324 614 qut

223 639 368 706 mntem
388 640 536 704 rusticum
556 639 769 719 megarensem
796 646 933 704 utentem
952 638 1079 722 inducit,
1100 638 1230 700 nnllam
1251 649 1328 716 prae-

222 737 276 803 ltet
294 738 506 820 hypocorismi
525 737 753 817 suspicionem3
775 737 943 818 Gregorius
965 739 1043 802 satis
1065 737 1172 800 hahet
1196 734 1330 799 aeolicum
1372 725 1373 730 ’

223 834 327 902 illecto
347 843 383 900 nt
401 831 518 918 ψάφοξ
561 833 675 917 Βῶμαξ
700 829 945 915 demorationis
964 831 983 899 ὁ
1003 831 1115 916 μικρὸς
1138 835 1254 918 βῶμος
1271 831 1329 894 fles.

223 933 593 1002 circelliones.
610 933 667 1000 sod
687 933 778 1014 hujus
797 935 1031 1015 significationis
1045 934 1146 999 hodie
1161 932 1282 996 nnllnm
1294 945 1332 992 cx·
1368 966 1369 976 ι

226 1040 272 1100 llll
283 1033 464 1116 exemplum.
497 1027 542 1096 Τὸ
554 1027 671 1115 noorai
683 1026 928 1114 ὑποκοριστικῶς
943 1033 1082 1100 scholii.
1095 1033 1142 1096 ad
1158 1032 1198 1096 ll.
1212 1029 1300 1094 xiil
1312 1027 1333 1090 l.

224 1130 301 1198 nihil
320 1131 418 1198 didert
439 1148 459 1196 e
478 1125 592 1215 πόροις.
636 1126 764 1208 etevat
782 1131 866 1213 qnod
879 1133 1060 1198 Eustathins
1076 1131 1180 1214 1729,
1204 1129 1257 1195 60.
1279 1141 1333 1190 eun

226 1224 330 1312 ὄοφιιξ
351 1229 509 1294 contendit
531 1236 675 1312 unquam
697 1229 930 1314 deminutivum,
952 1249 990 1295 ex
1010 1248 1088 1312 uno,
1112 1229 1212 1311 quod
1234 1241 1335 1306 snper-

226 1335 285 1411 est,
304 1329 481 1394 testimonio
502 1346 567 1394 non
586 1329 699 1412 liquet,
727 1328 799 1411 qnid
826 1329 946 1394 ualeat:
977 1330 1105 1393 alterurn
1129 1345 1206 1392 non
1227 1322 1335 1390 inveni-

227 1434 274 1492 tur
295 1425 355 1489 nisi
377 1425 559 1506 productum
581 1421 761 1510 ὀρφακίνης.
803 1426 886 1492 ldem
908 1427 998 1510 1091,
1019 1427 1068 1492 54.
1090 1426 1193 1508 plura
1216 1437 1335 1489 acerra-

226 1525 280 1590 tim
294 1524 406 1606 promit
418 1519 544 1604 πόοιαξ,
565 1523 673 1610 μύλαξ,
693 1524 794 1604 linei,
815 1525 916 1605 eldad,
938 1523 1062 1602 σκύλαξ,
1084 1525 1210 1608 tedoad,
1231 1515 1332 1605 μεῖραξ

227 1621 285 1688 sed
305 1621 342 1686 de
363 1623 497 1706 quinque
518 1626 674 1706 prioribus
692 1627 761 1706 ipse
783 1625 901 1690 dubitat
921 1642 961 1690 an
980 1626 1093 1705 injuria
1112 1625 1183 1688 hnc
1204 1611 1349 1686 releuan?

227 1727 286 1806 tur,
307 1723 380 1804 qnia
399 1722 551 1788 Homerus
573 1721 760 1788 deminutira
779 1729 956 1807 aversetur,
995 1723 1054 1787 duo
1076 1739 1157 1787 uero
1183 1727 1333 1804 postrema

225 1820 288 1886 hoc
306 1837 434 1886 numero
458 1821 579 1886 excludi
599 1839 663 1887 non
684 1839 789 1905 posse.
830 1823 872 1886 ht
891 1820 996 1903 Ιιῖμαξ
1014 1837 1142 1902 quoque
1165 1821 1277 1884 tritum
1295 1821 1334 1877 est

227 1921 330 2004 poetis
351 1921 400 2004 iis,
422 1920 474 2000 qni
495 1921 533 1984 ah
555 1922 615 1985 hoo
636 1937 749 2002 genere
771 1921 952 2000 longissime
964 1921 1144 2002 abhorrent,
1168 1917 1333 1994 eodemque

227 2025 407 2100 argumento
431 2023 649 2098 exterminatur
670 2017 771 2104 βῶλαξ
792 2037 810 2082 a
831 2019 982 2084 Piersono
1005 2018 1043 2082 ad
1064 2019 1165 2081 lloer.
1190 2015 1265 2081 ele.
1284 2013 1332 2074 hut

227 2116 377 2198 relatum;
393 2116 486 2195 uidet
507 2136 637 2200 prorsus
660 2120 758 2183 omitti
780 2119 965 2200 oportebat3
989 2116 1095 2200 μεῖραξ
1116 2119 1233 2198 potius
1253 2111 1332 2176 leni-

227 2215 331 2280 ninum
352 2222 402 2280 est
423 2217 537 2281 exoleti
558 2218 691 2282 nominis
712 2218 806 2300 εἴρην.
835 2217 936 2282 Nihilo
959 2219 1060 2298 apdns
1082 2215 1120 2278 ad
1143 2210 1330 2298 probandum

225 2313 313 2396 ⁴quod
342 2315 444 2380 Schol.
471 2315 596 2380 lucian.
622 2315 690 2398 lup.
721 2319 809 2397 Trag.
839 2322 870 2390 §-
891 2315 940 2380 53.
962 2315 1050 2378 alleri
1070 2307 1089 2376 ὁ
1109 2309 1243 2396 ούρφιξ
1263 2302 1328 2372 eao-

228 2407 375 2494 κοριομὸς
400 2415 459 2478 τοῦ
479 2415 651 2496 occurred,
678 2431 749 2478 narn
770 2417 874 2478 vilitas
894 2431 958 2477 non
978 2415 1010 2476 in
1031 2413 1137 2495 speeie
1161 2414 1270 2495 posita
1289 2409 1328 2470 est

230 2511 286 2576 sed
312 2513 345 2576 in
370 2512 441 2593 ipsa
467 2513 691 2594 significatione
711 2515 855 2595 primitivi
876 2509 1035 2595 (ούρφος).
1076 2514 1104 2577 A
1126 2513 1193 2593 μῦς
1215 2509 1326 2574 derira·
1369 2540 1370 2545 =

228 2619 290 2675 tnm
310 2605 392 2692 μύαξ
415 2628 482 2676 enni
502 2629 675 2693 synonymo
696 2613 827 2695 μυΐσκος
845 2612 969 2692 mitulus
991 2611 1137 2676 collatum
1156 2629 1187 2674 v.
1206 2605 1327 2676 Schnei-

230 2707 285 2774 der
304 2709 337 2772 iu
358 2709 421 2774 lud.
444 2711 510 2775 Sor.
528 2711 561 2774 lt.
582 2712 616 2776 ll.
638 2730 666 2793 p.
689 2713 759 2778 253.
787 2712 963 2776 deminutivi
990 2712 1099 2775 laoiem
1127 2711 1255 2774 exhibet
1279 2697 1325 2767 sed

229 2807 419 2873 commodius
441 2808 736 2874 denominativorum
758 2811 975 2876 adnumerum
996 2809 1203 2875 adscribetur.
1230 2805 1325 2882 Neque

229 2901 365 2984 mirei
390 2907 628 2989 hypocorismus
657 2916 706 2974 est
729 2910 788 2973 τοῦ
813 2904 961 2982 πλούσιος
987 2913 1021 2971 ut
1047 2909 1081 2971 in
1110 2906 1219 2971 schol.
1247 2901 1323 2966 Diti·

180 3069 182 3076 .
231 3021 260 3088 p.
280 3003 351 3098 857.
378 3006 508 3071 traditur
529 3006 585 3071 sed
613 3008 845 3072 asuhstantivo
868 3008 1051 3074 declinatum
1072 3012 1106 3069 ut
1127 3003 1251 3088 βώμαξ,
1276 3001 1323 3062 θα·

229 3097 329 3184 λάμαξ
350 3109 381 3168 et
403 3112 506 3170 cetera
530 3107 623 3189 paulo
651 3114 723 3171 ante
749 3106 864 3190 relata,
896 3123 975 3188 quae
996 3107 1149 3170 sermonis
1173 3098 1323 3168 coniciet

230 3200 343 3286 plebeii
363 3203 486 3268 licentia
505 3206 590 3269 linxit
610 3206 746 3270 notabili·
758 3222 921 3270 mensurae
942 3194 1117 3269 discrimine
1127 3226 1141 3283 3¹
1165 3218 1239 3266 nam
1258 3199 1322 3266 httl

228 3302 261 3365 in
289 3300 441 3366 declinata
468 3303 560 3385 alpha
587 3304 711 3386 longum
738 3303 868 3387 habent,
895 3304 949 3367 illa
975 3319 1050 3366 uero
1072 3318 1151 3382 quae
1173 3305 1321 3384 poetarum

230 3405 261 3464 ct
281 3406 438 3464 oratorum
458 3403 567 3467 usibus
589 3408 662 3482 apta
682 3409 769 3484 sunt,
791 3402 885 3466 breve
907 3402 1046 3481 exceptis
1065 3401 1244 3464 nominibus
1264 3390 1321 3458 aui-

228 3500 391 3581 nantium
412 3501 552 3582 interque
572 3496 678 3584 βώμοιξ
698 3494 715 3563 ὁ
736 3496 913 3582 βωμολόχος
935 3507 966 3564 el
986 3495 1092 3583 βώμοιξ
1107 3498 1198 3562 arula
1211 3498 1252 3578 tsi
1265 3489 1320 3574 dlis

228 3595 289 3662 hoc
309 3615 385 3662 usus
415 3600 476 3681 est)
503 3606 620 3664 tantum
647 3600 744 3663 differt
771 3607 914 3680 quantum
940 3601 1021 3663 iuter
1047 3593 1149 3680 φλύαξ
1176 3603 1210 3660 et
1237 3585 1319 3662 thie}-

228 3694 284 3761 Illa
303 3696 458 3762 hominum
481 3706 684 3780 cognomenta
703 3714 767 3762 non
788 3698 973 3763 deminution
994 3704 1067 3762 sunt
1082 3695 1139 3760 sed
1151 3696 1264 3759 similia
1274 3689 1319 3753 de-

229 3793 402 3878 minutiris3
429 3797 506 3862 haee
526 3815 628 3861 rernm
648 3797 817 3881 uocabula,
839 3799 867 3862 si
891 3798 928 3861 ad
949 3799 1050 3861 virum
1070 3811 1266 3874 resecamus,
1288 3799 1317 3848 11⁰

230 3894 342 3959 similia
368 3895 489 3977 quidem
516 3887 572 3961 sed
600 3895 708 3961 eodem
735 3897 806 3960 loco
836 3914 897 3978 quo
918 3898 1043 3960 nomina
1062 3897 1094 3959 in
1114 3880 1159 3968 a}
1179 3889 1315 3956 exeuntia.

228 3991 295 4056 Neo
322 4009 394 4058 rara
420 3997 580 4078 utriusque
609 3996 830 4062 terminationis
857 3996 1008 4060 conlusio.
1056 3994 1176 4058 Etenim
1206 3985 1277 4066 ψίιξ
1294 3989 1316 4046 tl

227 4090 302 4166 dioc
329 4092 502 4173 Hesychius
530 4095 749 4175 interpretatur
781 4111 843 4158 nno
878 4094 1048 4176 eodemque
1074 4093 1200 4158 nomine
1228 4080 1314 4170 dade
