2772 4992
16 281 70 346 lE
97 278 221 347 ΝΟΜ.
244 278 408 356 QUORUM
422 277 535 344 cunia
550 277 626 343 EST
639 277 846 344 DENTALIS.
870 279 903 346 C.
916 279 966 346 Ill.
988 289 1017 358 §.
1034 282 1064 349 2.
1086 282 1155 352 aad

16 448 117 510 llum
148 446 288 528 palmum
311 451 369 526 est,
399 438 539 525 λέπιθος,
566 441 648 524 apud
668 441 749 505 lruue
770 441 884 505 reetius
905 437 1052 522 Λάπιθος
1075 448 1157 512 seri-

16 548 139 624 nitur3
183 545 268 606 hune
298 544 376 606 euim
398 543 617 607 nominativum
636 541 751 604 lrabere
772 539 892 602 videtur
912 545 1065 620 genitivus
1087 550 1157 610 Λα-

16 645 139 707 πίθου
161 642 311 723 (montis)
332 641 422 705 Paus.
448 642 479 704 V.
502 642 530 720 5,
553 643 580 705 5.
602 641 701 704 miuus
724 645 819 702 tutum
843 646 891 702 est
912 635 1045 715 σάπιθος
1060 643 1157 708 θυσία

16 744 105 806 iles,
134 758 207 822 quo
229 740 353 803 nomine
374 739 453 803 idem
474 739 592 821 σαμίθη
610 741 838 819 interpretatur.
887 739 1059 804 seeundum
1080 736 1157 804 λέκι-

16 846 92 915 θος
120 841 200 904 sive
221 838 358 902 vitellum
379 838 530 918 signifieat
550 833 606 900 τὸν
625 833 742 920 κρόκον
761 836 820 898 τοῦ
840 829 915 914 ῶοῦ,
939 839 1005 902 siue
1026 835 1156 920 ὄσπριον

16 933 225 1022 κροκοειδὲς
251 932 327 1015 ὅπερ
353 927 521 1014 ἀρσενικῶς
547 931 664 1018 λέγεται
691 928 708 999 ὁ
736 929 860 1009 λέκιθος
886 937 972 999 Eust.
995 937 1083 1020 1572,
1105 939 1155 1003 55.

16 1043 105 1104 sine
124 1037 234 1102 dubio
258 1037 296 1100 ab
320 1034 425 1100 eadem
447 1036 544 1116 stirpe
566 1042 615 1099 est
636 1051 726 1116 quam
746 1034 919 1114 Hesychius
939 1033 1053 1099 indieat
1073 1031 1156 1100 λέκι·

18 1143 101 1202 θον
135 1131 178 1200 τὸ
206 1136 266 1198 τοῦ
292 1127 359 1197 dont
379 1132 516 1196 λοπάδιον
543 1133 1006 1200 etseu01.ArIsu.Plut.·427.
1032 1129 1157 1210 λέκιθος

21 1233 69 1301 τὸ
93 1229 228 1314 ξανθῶν
247 1234 305 1296 τοῦ
326 1225 392 1296 ῶοῦ
413 1228 464 1295 διὰ
482 1228 518 1295 τὸ
538 1229 620 1296 λέπει
640 1227 819 1309 κεύθεσθαι,
841 1249 904 1313 quo
925 1249 988 1296 non
1008 1235 1157 1300 aberras-

26 1343 88 1400 set
112 1335 145 1398 si
169 1333 362 1396 meminisset
383 1332 516 1395 affinium
536 1326 625 1405 λέκος
645 1325 765 1412 λεκάνη,
786 1325 878 1405 λέπος
897 1333 986 1406 λεπίς.
1022 1335 1156 1399 Tertium

28 1441 110 1499 erat
141 1428 252 1512 ἔριθος
277 1431 393 1512 κυρίως
420 1423 439 1494 ὁ
464 1426 633 1512 ἐριουρηός,
661 1431 906 1512 καταχρηστικῶς
933 1425 966 1494 δὲ
991 1425 1009 1494 ὁ
1037 1434 1156 1514 μισθοῦ

29 1526 251 1614 ἐργαζόμενος
279 1530 382 1594 Sehol.
402 1529 436 1593 ll.
459 1529 562 1593 XVIII.
584 1528 653 1593 550.
680 1528 755 1593 illud
776 1530 814 1593 ab
842 1526 935 1610 deuon,
957 1530 1017 1594 lroe
1039 1532 1078 1595 ab
1099 1529 1155 1612 ἔρα

33 1632 171 1697 seilicet
192 1629 259 1692 EM.
282 1627 352 1710 373,
374 1627 423 1692 39.
465 1628 630 1709 AIIquante
658 1628 767 1692 mellus
794 1629 980 1693 Philoxenus
1009 1621 1155 1696 ἀπὸτοῦ

34 1726 147 1812 ἐρέθω
180 1745 209 1808 p.
231 1727 301 1804 370,
323 1726 372 1790 37.
416 1726 478 1791 Sed
510 1727 611 1791 thema
637 1725 757 1790 uidetur
784 1724 844 1809 ἔρα
874 1726 953 1809 ἔρδω
980 1723 1152 1812 ἐργάζομαι,

36 1829 128 1894 uude
151 1823 215 1907 ἔρις
236 1827 410 1908 eontentio,
437 1820 550 1904 ἐρέσσω
573 1827 655 1905 agito
684 1820 825 1907 ἐρεθίζω,
853 1823 958 1905 ἔριθος
978 1822 997 1890 ὁ
1016 1824 1153 1912 ἐργάτης,

40 1937 75 1993 et
92 1929 235 1991 fortasse
248 1919 389 2006 ηὲρηνθες
401 1926 590 1990 Milesiorum
604 1924 741 2006 opifices,
758 1925 919 2007 eerdones,
938 1925 1043 2005 gerdii.
1073 1929 1154 1992 Sea-

39 2029 126 2108 liger
146 2041 224 2089 rere
247 2022 285 2087 ad
307 2024 391 2088 Varr.
413 2042 442 2106 p.
465 2025 533 2089 143.
557 2025 647 2086 etiem
669 2022 783 2104 ιῖρερος
803 2030 833 2087 et
855 2021 973 2087 eritudo
994 2025 1061 2090 siue
1081 2045 1153 2091 ser-

42 2124 156 2190 vitude
180 2124 300 2187 eonlert
321 2122 377 2186 sed
404 2123 442 2186 ab
471 2122 531 2185 alio
560 2123 711 2202 prineipie
733 2121 805 2204 alpe
827 2139 909 2204 sero,
937 2119 1045 2203 ἒρνθον
1065 2129 1155 2206 quasi

45 2241 169 2289 uenum
198 2223 414 2301 interpretans,
464 2219 550 2285 Adeo
586 2222 678 2285 nobis
705 2221 897 2302 EtymologIs
930 2222 1056 2302 gloriari
1082 2225 1155 2291 lieet

48 2321 136 2405 quod
155 2320 314 2385 Sireuibus

230 2468 316 2550 ἴσμεν
336 2463 451 2544 ψεύδεα
471 2462 569 2532 πολλὰ
588 2463 685 2551 λέγειν
704 2464 861 2551 ἐτύμοισιν
881 2465 974 2551 ὅμοια

51 2640 112 2687 nee
133 2627 232 2684 tamen
253 2619 329 2682 haee
352 2618 500 2682 sedulitas
523 2635 560 2682 eo
582 2636 642 2682 nes
664 2619 805 2700 prouehit
826 2626 859 2683 ut
880 2621 944 2683 lota
964 2620 1065 2704 longi,
1091 2639 1153 2702 que

53 2719 158 2801 ἔριθος
186 2737 204 2782 a
229 2713 353 2791 λέκιθος
380 2717 493 2800 differt,
522 2718 673 2781 radonem
702 2717 830 2783 reddere
857 2720 1023 2800 pessimus.
1068 2720 1154 2796 Quae

57 2821 200 2898 deineeps
222 2817 440 2898 uueoguostus
461 2823 627 2899 enumerat,
648 2817 755 2880 uitiata
775 2824 844 2880 suni
868 2819 978 2902 omnia,
1001 2821 1155 2898 gravissi-

57 2937 105 2984 me
125 2912 312 2994 θοινέκνθος,
345 2919 433 2994 eujus
456 2915 585 2979 sanandi
606 2931 700 2995 rspem
721 2914 868 2999 deposui,
897 2924 1001 2981 eetere
1021 2919 1155 2984 iotaeis-

58 3021 98 3084 mi
120 3017 299 3097 contagione
319 3015 443 3097 allecta,
467 3009 665 3096 Πεπάρηθος,
688 3008 849 3096 Κάνηθος,
862 3010 1001 3098 Ἄρηθος
1022 3025 1154 3083 sumtum

62 3121 190 3183 lertasse
217 3133 253 3179 ex
282 3113 373 3180 Paus.
395 3113 470 3179 VIII.
492 3114 522 3194 4,
544 3113 572 3178 7.
593 3113 645 3176 ubi
665 3129 747 3176 nune
764 3106 927 3196 Ἀρηάθοος
947 3116 1074 3200 legitur,
1104 3118 1154 3182 uel

63 3215 248 3283 seribendum
267 3209 409 3294 Ὄρηθος
442 3213 566 3276 Sieiliae
593 3211 701 3276 lluuius
730 3229 829 3295 prope
856 3214 1060 3278 Panhormum
1086 3216 1154 3282 vib.

65 3318 132 3398 Seq.
153 3313 309 3378 Postremo
331 3305 476 3392 Σέβηθος
496 3311 681 3391 CampanIae
708 3312 792 3376 riuus
814 3331 842 3377 r.
863 3313 992 3393 interpr.
1016 3311 1054 3378 ad
1074 3315 1151 3379 Aen.

64 3415 122 3478 Vll.
147 3411 211 3477 734.
238 3417 269 3475 et
296 3406 450 3492 Λάπηθος
482 3411 557 3490 urbs
592 3410 685 3490 Cypri
711 3429 740 3474 r.
755 3411 865 3490 ,unger
892 3410 1016 3490 Kypros
1044 3430 1073 3492 p.
1103 3411 1152 3478 te.

68 3513 124 3579 Sed
144 3510 221 3593 qued
247 3510 295 3573 lus
321 3510 513 3588 interjeetum
526 3513 584 3571 ¹est
605 3500 767 3588 ὀλόκνθος,
794 3510 855 3573 nisi
875 3509 927 3572 ille
949 3511 1153 3589 compositum

69 3607 198 3683 ὁλάλνθος
224 3609 273 3672 vel
293 3603 496 3689 μονολέκιθος
514 3607 650 3689 infersit,
681 3606 834 3688 quadrare
855 3607 976 3679 neseiu
1006 3602 1154 3682 ’Ἀλκιθος

71 3713 179 3794 (omiss.
197 3709 229 3770 in
250 3707 318 3789 ui.)
346 3706 453 3788 Polyb.
473 3704 603 3769 XXVIII.
626 3705 674 3788 10,
696 3704 724 3770 9.
750 3706 953 3785 compositum
976 3713 1100 3785 putatur
1119 3714 1153 3774 ut

74 3809 204 3892 intendes
225 3811 254 3870 et
273 3807 397 3888 α’ίηιθος
417 3807 483 3871 auis
504 3819 616 3868 nomeu
639 3821 678 3867 en
698 3801 747 3879 αἲξ
766 3810 797 3866 et
817 3805 868 3866 θῶ
887 3798 924 3867 τὸ
943 3800 1067 3885 θηλάζω
1087 3806 1153 3870 Elll.

73 3915 103 3972 ut
119 3899 280 3987 αἰηκθηλας,
302 3922 363 3986 quo
380 3905 503 3969 nomine
523 3903 696 3982 AutIgonus
719 3902 845 3966 eandem
866 3903 1029 3984 significari
1051 3904 1154 3970 eredi-

74 4007 111 4072 dit
127 4006 309 4086 uituperetus
333 4004 373 4068 ob
393 4003 425 4068 id
446 4021 464 4066 e
485 3998 672 4066 Selmeidere
696 4000 735 4064 nd
756 4002 884 4066 Aristot.
908 4003 940 4066 Τ.
961 4002 1009 4067 IV.
1031 4019 1060 4084 p.
1084 4002 1151 4067 111.

76 4105 186 4188 simplex
214 4101 268 4167 sed
295 4101 435 4166 allectum
461 4095 608 4184 τρὲμιθος
634 4091 832 4182 ὁλεγόμερος
851 4095 1027 4184 τερέβινθος
1048 4103 1152 4170 sohel.
