2772 4992
35 282 120 348 DE
132 280 227 349 nott
244 280 410 359 QUORUM
421 281 537 348 cuttu.
552 282 630 348 nst
644 281 862 353 uurrnutu.
885 288 918 354 G.
931 289 966 354 ΙΙ.
985 300 1014 369 ς
1027 296 1057 360 3,
1086 294 1161 366 315.

12 443 154 532 ἰατρός
174 464 201 512 o
221 447 252 532 6,
275 446 344 514 tos.
386 442 561 529 Metuonis
580 441 737 531 ὅύςμαίος
764 450 853 516 Phot.
885 464 1016 521 seoentn
1041 460 1074 524 in
1101 463 1154 528 ot-

12 551 121 612 tima
142 548 276 628 positos
294 547 351 612 sed
379 550 643 629 proparorytonis
669 549 824 618 Arcadius
850 552 1009 636 subpungit
1036 559 1089 623 καί
1116 559 1154 628 τὸ

12 649 200 730 patraturos
220 642 376 710 σύνθετον
397 645 448 709 ubi
470 647 665 711 scribendum
696 655 746 713 est
774 645 918 714 ἐπίθετον
944 662 1153 727 ot¹trooontns

12 747 221 828 explioundi
243 763 339 810 orosa
360 744 531 810 addendum
553 738 615 812 ἀπὸ
638 748 769 830 γενικῆς.
811 750 981 829 Syntheton
994 771 1083 821 uero
1105 758 1163 827 ost'

12 841 347 929 φρυαγμοοέμνακος
381 845 420 909 ab
454 845 663 926 Aristophane
700 847 809 914 uotum.
857 849 966 914 Cetera
1001 853 1153 938 sinplioitt

12 953 114 1010 sunt
135 963 163 1016 a,
176 945 349 1010 nominibus
371 945 518 1026 pleraque
540 946 627 1024 puris
647 959 711 1008 non
738 945 839 1010 solurn
871 949 986 1027 primae
1013 953 1152 1023 dodina«

12 1045 142 1108 tionis
162 1052 193 1108 ut
218 1040 427 1126 γεοουσιακός
440 1043 532 1124 Gorp.
560 1043 656 1106 lusor.
687 1060 717 1108 n.
742 1043 833 1110 3⁰80.
859 1045 1002 1127 χρεωνός
1029 1054 1159 1122 Arsino.-

12 1140 203 1217 κοιλιωιός
230 1144 407 1210 Diooooroh.
443 1136 636 1225 evaporando
663 1142 734 1208 Hes.
768 1143 901 1225 χροακός
927 1165 956 1213 u.
982 1150 1087 1219 uetera
1112 1157 1161 1222 od¹

17 1245 153 1308 Const.
175 1241 283 1308 741.13
303 1242 359 1308 sod
380 1244 470 1307 etiam
491 1241 646 1306 sooundae
672 1239 893 1324 postponendo*
909 1247 994 1311 Suid.
1023 1243 1152 1332 ἡλιοκός

16 1341 136 1406 Diod.
158 1337 315 1424 βιβλινκός
337 1343 433 1426 Timo,
453 1336 604 1424 deveneris
623 1341 727 1406 Senot.
749 1342 820 1422 [γε.
835 1339 1163 1428 ἐργασοηριοοόςᾙοω

18 1442 101 1521 lyb.
127 1435 259 1504 ποδιακὰ
280 1437 423 1523 ποόβοοα
442 1460 461 1505 a
481 1442 553 1504 iooo
575 1441 693 1504 Attioae
713 1442 792 1505 inter
813 1442 899 1506 iores
914 1445 1085 1512 rhetorioas
1097 1465 1152 1514 re-

18 1541 138 1606 latum
161 1540 194 1604 in
214 1539 330 1604 tineod.
348 1539 444 1604 netu
464 1539 534 1606 296.
554 1535 726 1620 νουοεακός
745 1540 852 1620 Polyb.
873 1543 1030 1610 subtracta
1050 1549 1163 1614 ννοοίίι

23 1655 136 1721 quam
157 1647 283 1704 servant
303 1633 504 1712 οπονδειανός
523 1638 601 1702 Poll.
624 1636 802 1718 δανειακός,
830 1639 1018 1723 ονοιχειοκός
1043 1653 1073 1709 et
1093 1651 1153 1710 ue·

21 1732 169 1821 μειακός
190 1756 208 1801 a
229 1739 276 1802 Du
298 1737 415 1816 Gangio
437 1739 631 1817 ooniirnrata3
653 1740 800 1819 pauciora
823 1757 842 1804 o
863 1741 1024 1805 vooabnlis
1045 1748 1167 1812 onio

27 1837 271 1918 declinationis,
291 1829 459 1916 όοννθιοικοὶ
481 1843 511 1900 et
532 1829 651 1919 ὀφιακοὶ
677 1837 822 1902 Nicandri
851 1847 880 1903 et
905 1839 1047 1920 Dionysii
1076 1859 1152 1909 oar-e

26 1937 179 2002 minibus
199 1936 348 2016 inscripta
369 1934 541 2000 abundante
572 1935 673 1998 uooali
695 1944 727 1998 nt
749 1935 938 2001 Grammatioi
967 1949 1094 2006 oensont
1119 1945 1151 2008 in

27 2037 106 2100 ΕΜ.
131 2034 210 2116 644,
231 2035 260 2098 8.
288 2031 363 2115 ὄφις
392 2027 520 2116 ὀφικός,
548 2028 627 2097 κατὰ
652 2029 847 2116 πλεονασμὸν
873 2039 932 2100 τοῦ
963 2034 1150 2118 ᾶόφιακός·

27 2128 332 2216 συνεξηκολούθηοο
351 2127 410 2218 γὰρ
430 2135 474 2221 τῷ
495 2130 658 2217 epotando,
680 2151 741 2215 quo
764 2133 945 2214 pleonasmo
968 2138 1065 2201 ororit
1085 2138 1152 2208 dov-

31 2229 174 2314 ὁριωοός
201 2233 294 2312 ignoti
323 2243 434 2314 poetae
461 2234 551 2298 Antio.
579 2233 627 2298 vi.
656 2232 705 2296 22.
737 2241 767 2296 et
786 2228 972 2309 κλινθιακός
992 2236 1079 2316 Diog.
1101 2239 1150 2304 tv.

31 2333 90 2398 36.
118 2348 180 2414 pro
200 2330 420 2414 πίονθοοργός,
441 2335 502 2397 nisi
523 2332 562 2397 ad
583 2333 730 2394 πίκνθίον
750 2334 859 2396 reterri
880 2333 980 2398 debet.
1015 2335 1152 2401 Eadem-

33 2449 101 2512 que
125 2431 276 2496 novitatis
298 2439 374 2496 nota
404 2432 552 2497 adhaeret
579 2431 618 2494 iis
646 2448 725 2512 quae
753 2431 792 2495 ab
821 2431 983 2512 adjectivis
1012 2434 1150 2500 derivata

33 2539 131 2595 sunt:
161 2526 313 2605 οίκοινκός
333 2533 548 2612 possessivum
568 2531 633 2594 τῶν
657 2530 780 2594 οἰκείων
806 2530 960 2595 divorsurn
989 2533 1028 2596 ab
1056 2532 1152 2597 οίκιν-

34 2627 103 2709 κός,
130 2629 216 2711 quod
237 2629 275 2693 ad
298 2629 400 2694 οἰκίαν
420 2636 553 2712 pertinet
574 2637 606 2693 ut
629 2628 762 2693 οίκιακοί
781 2627 812 2692 οἱ
832 2625 867 2691 ἐν
886 2630 926 2712 τῇ
951 2629 1035 2718 οἰκίᾳ
1065 2627 1152 2707 ὄντες

34 2730 144 2810 Etym.
169 2727 243 2792 Gud.
264 2728 335 2810 421,
355 2729 405 2794 45.
426 2748 453 2794 v.
476 2730 586 2794 Corais
608 2729 647 2793 od
668 2727 745 2793 Plut.
768 2729 801 2794 V.
824 2728 886 2793 Cio.
907 2745 933 2794 o.
954 2729 1016 2792 XX.
1044 2751 1151 2812 κυρια-

36 2825 97 2904 κός
119 2831 154 2892 in
175 2828 211 2892 N.
234 2827 267 2892 T.
294 2824 483 2904 πλονσιακός
509 2829 617 2893 Alonis
645 2829 707 2892 Ino.
734 2826 770 2892 X.
799 2826 870 2891 509.
900 2826 934 2891 T.
961 2827 1009 2891 lii.
1038 2823 1149 2914 ἇλιοική

38 2922 114 2992 ἀντὶ
141 2927 200 2992 τοῦ
232 2919 387 3009 &umenti
415 2929 488 2992 Lex.
517 2929 603 2992 ittet.
631 2926 725 2991 Bekk.
759 2925 829 2989 376.
856 2921 1035 3007 μητρωακός
1065 2928 1149 2994 Suid.

39 3020 272 3112 ἀφροδιοιοκός
297 3026 385 3091 Diod.
411 3027 446 3090 11.
475 3027 566 3092 23.1⁴
607 3027 718 3090 Varum
751 3023 790 3087 ab
818 3023 876 3086 huo
902 3023 1030 3104 ignobili
1061 3028 1151 3092 turba

40 3125 240 3210 segreganda
262 3132 334 3190 sunt
362 3142 441 3207 quae
470 3144 488 3189 a
516 3125 692 3189 nominibus
717 3122 927 3204 protiuxerunt
954 3125 1089 3205 propriis
1116 3135 1151 3192 ut

41 3221 257 3299 Διονυσιακός
278 3225 457 3288 auotoribus
478 3223 730 3288 luoutontissimis
752 3220 985 3304 oornplooitunr,
1013 3231 1043 3286 et
1070 3240 1151 3304 gen·-

43 3327 156 3392 tilioia:
180 3317 242 3388 ἀπὸ
261 3323 320 3386 τοῦ
341 3325 421 3396 Χῖος
440 3317 476 3385 τὸ
497 3317 641 3405 emendo
658 3312 826 3394 Χιακόςὸς
841 3311 963 3394 Ῥόδιος
978 3316 1149 3402 Ῥοδιακός,

42 3423 169 3508 Σάμιος
189 3416 350 3504 Σαμιακός
373 3421 478 3502 Steph.
500 3417 619 3496 Διακός
641 3415 775 3499 Thucyd.
793 3413 971 3500 Ἰσθμιακός
990 3421 1150 3503 Auistoph.

43 3517 262 3610 Κορινθιακός
281 3521 370 3586 Diod.
386 3516 533 3596 Ἠίιακός
553 3521 643 3584 Pons.
665 3525 696 3583 ei
724 3513 906 3601 Κυπριακός
926 3516 1032 3597 Palpo.
1060 3517 1152 3582 meli-

112 3791 158 3860 13)
174 3786 318 3846 Mareotis
328 3803 379 3857 quo
394 3787 561 3842 Buttmannus
575 3787 656 3840 utitor
668 3784 780 3839 Granum.
795 3783 829 3838 11.
845 3783 903 3838 447.
916 3797 967 3835 non
981 3781 1050 3848 legi;
1070 3787 1151 3836 nostru

47 3874 142 3929 modici
163 3872 261 3928 deliros
278 3878 372 3927 uocant
393 3874 534 3925 maniacus.
997 3939 999 3946 y

112 3957 157 4024 14)
175 3955 323 4024 Stephanos
341 3969 363 4010 s.
383 3955 473 4013 Πανὸς
489 3952 566 4012 πόλις
580 3967 627 4022 pro
642 3951 755 4022 ἄγαλμα
768 3947 904 4018 ὀρθιακόν
917 3948 984 4016 ἔχον
996 3944 1027 4000 τὸ
1041 3946 1152 4000 κίδοίον

49 4042 150 4109 scripsit
167 4039 279 4096 tortasse
297 4037 430 4109 ὀρθιάζον
447 4043 475 4093 ut
492 4036 624 4094 Leonides
641 4037 668 4091 in
684 4033 762 4090 Anti.
773 4033 884 4088 nunu.
895 4030 954 4088 tota.
971 4033 1091 4100 Πρίηπος
1107 4030 1151 4102 ὄρ-

49 4122 147 4182 tatione
163 4119 295 4194 ῥόπαλον.
