2768 4994
200 259 277 332 ι7ι)
564 261 885 334 ulssnunnulo
920 263 956 332 K

212 441 273 510 que
295 423 436 496 dileruut
462 425 556 514 isqqle
578 435 610 496 ot
630 425 720 512 ipio,
749 429 811 496 uiri
831 428 915 512 quod
935 429 1013 496 laec
1036 436 1089 496 est
1110 430 1253 513 publiea
1273 447 1342 494 οισ-
1366 471 1367 488 r

214 525 309 592 tionis
337 529 462 609 species
490 535 524 593 ut
543 527 688 612 βαιονις,
716 527 839 612 mepte,
867 527 922 594 illa
941 531 1113 610 εοοεοιιοες
1152 537 1344 609 certumque

213 621 306 704 hujus
328 622 479 712 deiectus,
499 628 528 692 si
548 627 596 692 sic
616 626 775 710 appellare
796 626 914 710 placet,
935 627 1113 708 exemplum
1131 633 1190 694 εει
1213 629 1345 710 Epime-

217 721 295 806 this,
323 724 407 806 quod
428 725 555 792 Ovidius
581 725 614 788 in
639 742 733 790 uersu
760 726 851 792 alitor
872 725 976 792 dicere
1001 742 1066 792 uon
1088 728 1224 810 potuit,
1255 734 1289 790 ει
1310 725 1344 788 ab

214 820 268 886 illu
290 821 360 904 ipsa
382 825 480 908 stirpe
500 824 623 908 Nerine,
644 825 788 908 nerium,
810 825 922 908 quibus
943 823 1043 888 simile
1063 826 1186 890 Atrine
1211 826 1345 892 Cassio·
1367 817 1368 858 l

218 916 314 986 durus
336 922 424 988 alieri
444 925 489 990 lle
508 924 593 992 Orat.
612 923 694 990 l’urt.
715 939 743 989 c.
762 924 786 988 l.
800 923 909 990 5⁴9ss
934 923 990 988 llis
1011 929 1118 988 nutem
1140 931 1198 990 ιοι
1224 931 1344 1004 tamque

218 1013 350 1086 diversis
377 1025 611 1090 consiliatorum
638 1030 816 1088 nostrorum
838 1023 1001 1104 respunsis
1023 1021 1270 1102 propemodum
1292 1039 1344 1086 eo·

219 1113 288 1182 dem
316 1119 479 1204 redigimur
500 1141 562 1208 quo
584 1123 636 1188 ille
656 1119 738 1205 apud
757 1121 886 1186 Plinium
905 1127 1068 1203 aegrotus,
1099 1122 1157 1202 qui
1182 1123 1220 1184 in
1244 1123 1344 1202 epita·
1368 1118 1369 1174 l

220 1213 294 1296 phio
316 1235 374 1284 suo
398 1231 589 1304 conquestus
618 1227 667 1286 est
694 1236 730 1286 se
759 1218 951 1284 multitudine
975 1218 1173 1286 medicorum
1199 1221 1343 1302 periisse.

219 1312 296 1380 Nam
318 1331 410 1398 quum
437 1319 522 1386 nulla
549 1321 676 1386 istarum
702 1317 856 1384 rationum
878 1317 1019 1384 omnious
1040 1319 1241 1398 conueniat,
1276 1319 1343 1384 nihil

220 1411 329 1494 reliqui
357 1415 390 1482 lit
416 1434 506 1499 quam
535 1425 568 1484 ut
595 1434 728 1500 ροοεεοε
750 1423 878 1500 ροειοε,
912 1417 1096 1498 praesertim
1127 1421 1341 1500 posteriores,

220 1511 373 1592 aquibus
401 1515 479 1582 laec
507 1518 599 1598 copia
620 1517 704 1580 lluuit
733 1515 797 1582 lere
826 1520 909 1596 tota,
938 1515 1104 1598 aliquoties
1136 1523 1295 1598 putemus
1314 1518 1340 1580 iu
1369 1576 1370 1622 1

220 1612 371 1680 tramitem
399 1613 574 1680 declinasse
603 1615 733 1682 alienum
759 1614 943 1696 nominaque
970 1613 1145 1694 protulisse
1174 1617 1338 1698 principiis
1369 1627 1370 1648 t

221 1708 288 1774 suis
314 1709 514 1780 dissentanen
534 1714 591 1780 sed
611 1714 746 1778 numeris
768 1715 901 1797 poeticis
920 1712 1080 1776 habiliora.
1119 1713 1266 1780 Proinde
1288 1733 1338 1778 su-

222 1823 446 1888 pervacaneum
470 1814 559 1878 luunt
578 1829 728 1896 quaerere
749 1821 847 1877 utrum
859 1811 1003 1876 Manetho
1018 1805 1188 1894 ἡρεμονηίς
1203 1814 1246 1878 ab
1269 1808 1336 1896 ἡγε-

221 1903 336 1987 paveris
361 1909 546 1976 derivarent
568 1929 607 1976 an
629 1911 667 1974 ab
689 1905 813 1994 ἡγεμών
834 1917 865 1974 ot
887 1904 1027 1993 ἡγεμονὶς
1048 1917 1080 1974 ει
1102 1927 1166 1992 quo
1194 1912 1335 2000 exemplo

226 2003 265 2068 ab
289 2007 398 2076 eodem
419 2007 596 2094 ιιοοιρίςι0
621 2009 722 2076 ιειειο
751 2009 793 2074 sit
821 2009 871 2074 vul
891 2010 1034 2092 Λειερρίς
1054 2009 1162 2094 Steph.
1188 2010 1281 2076 Ouid.
1300 2047 1335 2058 -
1370 2035 1371 2081 t

225 2099 404 2185 chryseidis
425 2115 514 2192 paler
535 2125 598 2174 nou
619 2103 777 2188 Χρυσεύς,
799 2107 883 2190 quod
903 2107 1007 2174 schol
1028 2108 1119 2174 Dion.
1142 2108 1163 2174 l.
1188 2125 1218 2172 e.
1243 2110 1335 2191 ponit,

224 2212 353 2270 vocatur
380 2207 438 2274 εει
459 2204 587 2292 Χρύσης
606 2216 638 2273 et
666 2209 704 2274 de
726 2207 858 2292 Κισσηίς
882 2207 1044 2288 ambigitur
1066 2213 1169 2270 utrum
1193 2207 1237 2272 ad
1258 2209 1335 2272 Κισ-

224 2297 297 2376 σεύε
317 2308 468 2386 pertinent
488 2325 528 2374 un
549 2309 588 2373 ad
609 2309 730 2391 Κισσῆς
751 2306 855 2373 Schol
875 2306 959 2386 lips.
980 2303 1013 2370 ll.
1028 2304 1078 2370 Xl.
1099 2304 1172 2372 222.
1194 2306 1334 2388 idemque

224 2415 337 2466 numen
364 2413 413 2472 εει
436 2403 574 2488 Περσεύς
595 2414 626 2472 et
650 2403 773 2491 Πέρσης
798 2424 826 2472 v.
849 2404 920 2472 seu.
944 2403 1018 2484 Lyo.
1040 2403 1129 2470 1175.
1153 2405 1332 2470 Schneider.

225 2495 325 2566 Gram.
355 2503 390 2570 11.
414 2509 441 2588 l,
462 2507 532 2573 317.
563 2506 644 2571 unde
670 2507 788 2572 Hecate
813 2503 948 2568 Perseis.
988 2501 1072 2566 llaec
1102 2509 1228 2587 autem,
1261 2521 1333 2586 quae
1371 2492 1372 2528 ¹

224 2603 473 2690 percensuimus,
501 2622 671 2688 paronqmu
693 2609 765 2667 sunt
785 2600 826 2666 ad
846 2618 938 2664 uuum
961 2602 1062 2665 omnia
1081 2617 1140 2666 nec
1163 2603 1333 2683 probabilis

226 2703 276 2762 ost
296 2698 458 2784 Porphyrii
479 2705 634 2769 sententia
653 2702 694 2768 ud
706 2702 740 2766 ll.
755 2700 789 2765 V.
805 2699 875 2766 422.
889 2700 1044 2764 Minervae
1056 2701 1222 2780 epitheton
1233 2696 1332 2768 Ἀιαι-

226 2799 369 2882 κομενηίς
395 2817 459 2866 uon
483 2803 523 2867 ab
545 2804 621 2868 urbe
642 2800 851 2866 Alalcomenis
879 2815 938 2862 uec
963 2798 1002 2864 ab
1023 2798 1242 2866 Alalcomenio
1265 2820 1332 2884 quo-

228 2893 296 2960 dam
318 2895 440 2964 ductum
463 2917 535 2966 esso
557 2900 613 2966 sod
634 2918 654 2964 a
673 2899 787 2980 verbc;
809 2914 982 2980 quanquam
1002 2896 1082 2962 idem
1100 2899 1258 2964 statuisse
1273 2901 1332 2965 Ari-

227 2995 383 3060 starchum
409 3000 607 3082 aSieplrauo
637 2997 856 3079 comperimus:
882 2986 1116 3078 Ἀλαλκομένιον
1144 2993 1209 3061 ἀπὸ
1234 2992 1332 3064 'Alui-

228 3089 388 3174 σσομεσέως,
411 3091 447 3172 ὃς
467 3095 521 3161 καὶ
538 3092 677 3182 Ἀθηνᾶν
697 3095 822 3178 ἵδρυσεν
838 3086 1102 3178 Ἀλαλκομοοριια·
1125 3089 1167 3160 οὐ
1180 3091 1244 3180 γιίρ
1256 3093 1330 3180 παρὰ

228 3185 265 3256 τὸ
292 3183 436 3260 ἀλαλκεῖν
464 3191 507 3271 ὥς
530 3190 740 3281 Ἀρίσταρχος·
775 3181 817 3276 ἦν
836 3187 896 3276 γὰρ
913 3187 1078 3278 ulai-repis.
1115 3195 1186 3260 Ηοσ
1208 3213 1329 3280 prorsus

230 3309 356 3358 enorme
377 3296 468 3378 iuret,
489 3311 548 3360 nec
569 3297 645 3361 satis
667 3293 823 3376 explicata
842 3294 1016 3358 Aristarchi
1043 3293 1123 3358 ratio
1153 3296 1211 3378 qui·
1229 3311 1330 3360 nomen

229 3391 304 3458 illud
326 3393 364 3458 ab
382 3387 607 3478 Ἀιαλεορεοις,
635 3393 696 3458 ιοο
718 3401 818 3459 aulona
839 3393 879 3460 ab
900 3386 1108 3476 ἀλοικομονής
1129 3392 1179 3475 (ut
1200 3388 1329 3478 εὐμειηὶς,

295 3675 341 3742 59)
365 3675 513 3745 Stephanus
531 3671 660 3726 Ῥοίτειον
683 3704 715 3716 -·
733 3671 875 3733 Ῥοιτειεῦς
900 3673 947 3724 καὶ
968 3669 1099 3729 ‘Poenicis
1121 3671 1170 3723 zoi
1183 3669 1276 3732 ‘Portis
1289 3670 1327 3725 tri

229 3759 277 3812 τοῦ
296 3765 321 3820 i,
340 3761 398 3814 sine
418 3759 498 3814 dubio
516 3757 682 3814 scribendum
701 3762 741 3812 est
755 3754 878 3823 Ῥοιτηιε,
896 3770 955 3810 uam
969 3751 1085 3812 Ῥοιτεις
1099 3755 1143 3810 vel
1160 3753 1266 3809 Ῥοττον
1285 3769 1326 3809 nou

231 3850 310 3902 extat.
346 3843 400 3899 Sed
423 3841 552 3906 oiirridqr
568 3855 615 3910 pro
634 3838 780 3904 θιληιάιης
798 3841 944 3906 successit,
962 3837 1014 3892 hoc
1032 3853 1079 3906 pro
1101 3839 1227 3904 οιλείιης
1242 3847 1269 3896 ut
1282 3843 1325 3902 ilo·

229 3925 349 3992 ληιάιῖης.

296 4027 343 4093 60)
369 4026 520 4093 Hesychius
537 4022 724 4087 Ἐπιποληίιες
749 4020 881 4094 περόναι,
914 4022 1025 4079 fortusse
1048 4036 1096 4091 pro
1122 4019 1285 4090 ἐπεβολριιες
1303 4025 1324 4073 ut

230 4109 318 4179 pnullo
338 4115 398 4166 aule
414 4110 538 4178 ἐἰιιρλαι
552 4107 675 4179 περόναι.
