2788 4986
208 282 245 341 t'i
577 271 973 341 PRAEFATIO..

207 469 341 521 suorum
377 449 649 536 elegantissimos
682 435 921 535 παθημάτων
954 441 1154 534 itinerante
1185 443 1308 536 θερα-

206 553 383 654 πευτικήν
407 567 583 653 inscripsit.
633 564 797 635 Videlicet
820 564 1134 654 voeabulaquoque
1150 565 1308 636 arrectio-

206 701 269 756 ues
303 699 383 752 suas
409 682 551 774 babent,
584 699 654 752 non
678 681 831 752 homines
858 682 984 773 solum,
1019 687 1053 751 et
1086 701 1144 752 eas
1178 683 1308 751 similes

205 802 369 892 humanis,
393 800 621 892 pleonasmoS,
648 800 785 894 ellipses
810 805 991 888 tropasque
1018 803 1138 893 ranas,
1161 799 1203 868 ad
1219 818 1309 888 quas

206 926 240 990 et
275 914 534 1006 cognoscendas
568 915 725 1002 diagnosi
757 934 842 1005 opus
877 924 929 986 est
959 923 993 987 ct
1017 916 1061 986 ad
1088 917 1309 1004 corrigendas

205 1037 374 1124 therapia;
400 1053 476 1104 nam
504 1039 538 1103 et
562 1034 628 1103 boo
651 1052 774 1103 nomen
805 1052 870 1104 usu
904 1041 1064 1123 ceperunt
1087 1038 1308 1106 Grammatici.

106 1215 119 1224 .
178 1151 491 1238 Quemadmodum
515 1169 595 1221 vero
620 1151 786 1220 voeabula
810 1153 886 1239 ipsa
918 1151 1048 1222 duabus
1081 1173 1122 1224 cn
1154 1156 1309 1241 partibus

205 1276 370 1362 constant,
397 1288 534 1358 quarum
558 1287 626 1340 una
652 1271 752 1358 stirps
778 1272 983 1363 continetur,
1013 1270 1118 1342 altura
1151 1270 1194 1339 ad
1230 1276 1308 1339 ter-

205 1389 418 1460 minationem
443 1387 595 1477 pertinet,
622 1385 742 1456 eodem
767 1385 868 1458 modo
895 1386 1054 1457 iacuerit
1075 1385 1308 1476 dispertienda

205 1507 370 1596 quaestio.
422 1503 561 1574 Primum
586 1505 686 1592 igitur
711 1503 872 1574 disseram
900 1503 942 1574 de
968 1502 1203 1574 mutationibus
1226 1505 1308 1593 spl-

203 1623 353 1694 lubarum
379 1620 540 1714 finalium,
573 1640 642 1691 non
675 1620 799 1690 directe
836 1621 897 1692 sed
932 1625 1123 1693 circuitione
1157 1621 1307 1711 quadam

203 1713 295 1812 usus’
313 1745 347 1809 et
372 1738 530 1808 anfractu.
581 1735 664 1806 Nam
691 1740 770 1826 quia
796 1738 878 1828 quid
903 1739 1055 1810 aiiectum
1082 1743 1125 1810 sit
1150 1745 1183 1809 ct
1210 1759 1307 1829 quc-

202 1856 304 1928 modo
336 1857 413 1926 sciri
446 1874 516 1926 non
547 1860 660 1944 potest
675 1841 757 1926 'nisi
787 1857 959 1945 explorata
997 1860 1098 1928 unius
1137 1860 1308 1946 cujusque

202 1977 307 2046 torma
332 1976 445 2044 nativa
469 1980 503 2044 ct
527 1973 678 2064 propria,
712 1971 847 2044 idcireo¹
870 1975 948 2045 mihi
973 1975 1162 2046 faciendum
1186 1977 1304 2064 putavi

201 2101 238 2164 ut
262 2092 413 2180 singulas
438 2093 688 2162 tenuinationes
721 2109 763 2161 ex
796 2089 913 2162 ordine
945 2111 1178 2182 percenserem
1190 2144 1200 2184 ,
1225 2095 1305 2180 pri-

200 2231 288 2282 mum
313 2211 491 2300 nominum,
518 2215 585 2277 tum
609 2207 732 2278 deiude
757 2209 941 2280 verborum.
992 2210 1097 2292 Quum
1123 2217 1250 2300 partem
1270 2214 1303 2282 si

201 2328 389 2418 absolvero,
414 2327 487 2415 pari
512 2328 639 2396 ratione
667 2344 830 2414 exponam
847 2325 891 2397 de
908 2327 1150 2421 affectionibus,
1177 2329 1305 2417 quibus

200 2445 388 2519 substantia
424 2461 544 2512 vocum
591 2443 807 2531 interpolatur
814 2465 823 2532 ;
872 2463 937 2516 neo
975 2449 1231 2532 praetermittam
1269 2451 1301 2518 si

200 2561 282 2652 quid
305 2563 340 2630 in
366 2557 535 2629 declinata
561 2558 729 2648 discrepet
754 2563 842 2630 etsi
868 2562 949 2651 quid
974 2564 1008 2632 in
1039 2562 1189 2650 portibus
1217 2581 1301 2634 ora-

198 2681 299 2752 tionis
337 2674 640 2748 indeoliuabilibus.
699 2678 733 2748 is
773 2684 834 2750 erit
872 2680 1089 2767 Patholcgiac
1129 2682 1300 2750 terminus.

198 2798 293 2868 Nunc
319 2793 453 2884 quidem
480 2794 612 2864 substiti
636 2797 671 2866 in
697 2797 982 2868 terminationibus
1000 2815 1114 2868 eorum
1128 2800 1300 2868 nominum

198 2912 388 3004 quaemihi
412 2910 607 2982 uberrimam
635 2911 679 2982 ad
704 2911 939 3002 disputandum
952 2917 1121 2986 materiem
1134 2915 1300 3001 praebere
1392 2913 1393 3002 ,

197 3031 410 3121 videbuntur,
448 3049 628 3119 eurumque
661 3050 730 3101 nou
763 3035 992 3120 corruptiones
1023 3033 1131 3102 solum
1164 3033 1300 3106 tradere
1392 3009 1393 3062 ³

198 3154 339 3220 conatus
366 3165 438 3216 sum
472 3146 535 3218 scd
568 3152 685 3240 ctiam,
707 3149 766 3218 ubi
791 3169 832 3219 ex
858 3169 892 3219 re
927 3156 1013 3242 erat,
1047 3149 1301 3244 derivationem,

198 3264 491 3356 sigrriiicatiouem,
526 3272 715 3357 accentum,
758 3270 972 3355 quantitatem
1013 3274 1142 3357 etqua
1183 3276 1297 3339 aetate

197 3400 355 3472 quaeque
380 3381 549 3452 celebrata
576 3386 619 3452 sit
644 3389 679 3452 et
703 3402 771 3471 quo
797 3387 829 3454 in
856 3404 981 3473 genere
1008 3384 1153 3456 dicendi.
1201 3385 1300 3457 Haec

196 3499 349 3571 curriculi
372 3502 438 3570 mei
464 3503 562 3589 quasi
587 3501 726 3572 exordia
750 3504 854 3596 inere,
880 3501 1028 3592 ideoque
1053 3503 1125 3599 hoc
1138 3503 1299 3576 volumen

194 3618 436 3704 Prolcgomena
455 3619 620 3707 inscripsi.

293 3733 515 3822 Posteaquam
542 3734 609 3804 dini
636 3737 715 3825 quid
741 3737 819 3807 mibi
844 3738 1091 3826 proposuerim,
1125 3735 1236 3808 dicam
1260 3741 1296 3810 iu

194 3869 263 3940 quo
289 3849 366 3919 mihi
392 3848 562 3921 deiecisse
586 3855 710 3924 uidear.
759 3856 915 3926 Nimirum
941 3857 1040 3942 igitur
1066 3873 1166 3942 quum
1182 3859 1294 3926 omnio

192 3970 257 4038 ista
282 3968 459 4055 complecti
485 3969 663 4064 studerem,
690 3973 812 4042 iactum
839 3975 988 4045 estsine
1015 3971 1117 4042 dubio
1143 3978 1180 4040 ut
1199 3993 1291 4044 non·
1391 3985 1392 4023 r

192 4085 283 4156 nullu
316 4091 374 4156 aut
403 4101 465 4174 per
499 4087 751 4177 inprudentiam
770 4094 1047 4180 praetermiserim
1073 4095 1129 4160 aut
1154 4089 1291 4162 delibu-
