2750 4994
153 279 205 346 bu
225 275 445 346 NOMINIBUS
466 274 508 342 IN
528 276 551 340 ν
570 275 830 345 EXEUNTIBUS.
854 281 886 345 C.
898 282 946 348 lv.
968 293 997 362 s.
1011 286 1040 354 2.
1083 287 1154 357 203

45 445 177 513 arou
192 445 242 510 Vl.
257 444 307 510 ro.
336 444 516 526 Χαροιλνος
534 441 648 506 Herod.
667 442 703 506 V
719 440 768 507 99.
795 439 990 529 Εὐοφελῑρρς
1010 449 1105 518 ab‘
1070 475 1153 520 ευρ.

42 542 158 630 φελής,
185 550 272 627 puto.
316 541 576 608 Asubstuntivis
603 541 671 605 sive
698 544 835 623 propriis
861 546 927 612 sive
956 553 1152 633 appellativis

38 639 220 727 Ἀρκιῑνος,
237 635 427 722 Ἀτταγῖνος,
450 641 633 720 Βροντίνος,
656 643 845 721 Δονακῑνος,
862 637 1019 732 Ἑρμῐοος,
1043 656 1152 736 Ζεφυ.
1261 703 1264 712 ,

41 749 142 828 ρῖνος,
155 745 302 818 Λυκῖνος,
315 741 506 812 Σιιοιιελῑνος
517 737 640 802 Pindari
651 744 740 820 pater
754 737 928 819 (Σκόπελος
940 746 1036 817 lusci.
1048 752 1150 837 1246.)

40 846 223 926 Σιρατῖνος
250 837 511 904 lusor.n.158d.
538 855 566 899 v.
591 837 639 902 14.
670 840 814 914 Φωκῑνος
834 859 863 906 u.
885 843 955 909 475.
991 845 1058 913 Jam
1085 869 1160 917 rem.

40 947 239 1006 transactam
272 937 471 1018 haberemus,
508 934 569 998 nisi
601 935 836 1003 intercessisset
867 942 1073 1014 llubnlrenius.
1119 952 1152 1018 ls

41 1043 128 1104 euim
148 1040 230 1105 Hist.
252 1037 349 1104 Oratt.
373 1053 402 1116 p.
428 1033 496 1099 127.
520 1026 667 1114 Ἀρχῖνος,
678 1027 843 1120 ΔἈλριῐνος,
866 1042 1036 1126 Καλλῖνος,
1056 1041 1152 1114 Zimi-

40 1141 134 1218 νος,7
156 1140 295 1210 Λαρῖνος
317 1140 375 1200 etc.
397 1149 460 1197 nou
481 1133 633 1213 simplicia
655 1151 727 1198 csso
749 1137 878 1203 atlirmat
899 1142 956 1206 sed
977 1150 1154 1229 composita

41 1255 116 1302 cum
136 1235 374 1310 nomiminis,
395 1232 456 1295 boc
478 1239 657 1311 argumento
680 1234 763 1315 quod
786 1237 891 1304 eadem
912 1242 985 1306 alibi
1006 1248 1151 1312 scriban-

42 1343 94 1399 tur
116 1335 250 1418 plonius,
268 1326 433 1414 Ἀρχίνοος,
457 1330 617 1404 Παολνοος
630 1337 690 1395 etc.
723 1332 819 1416 llaec
841 1339 949 1424 iuquit,
971 1349 1150 1412 contractio

43 1433 183 1498 Graccis
205 1437 303 1498 etium
319 1431 477 1513 placuit
464 1446 499 1492 ιν
520 1429 700 1494 nominibus
722 1435 944 1516 appellatos,-
974 1441 1151 1525 Hesychius

42 1528 196 1607 Κανόνος
219 1531 382 1596 κακονοῶν
397 1531 429 1593 et
441 1531 580 1602 Λασῑνος
594 1524 786 1610 ἐπιλήσμων·
810 1550 994 1618 quaequam
1008 1545 1151 1626 intellipc

42 1649 113 1696 ooo
132 1648 285 1712 mapsam
304 1630 342 1693 io
360 1627 478 1693 talibus
502 1643 573 1690 esse
592 1625 741 1707 Hcspcbii
762 1635 1000 1702 auctoritatem.
1035 1640 1152 1710 Postea

43 1747 93 1812 ap.
119 1731 245 1795 Santen.
267 1727 306 1792 ad
326 1727 498 1791 Terentiam
518 1743 548 1806 p.
565 1724 634 1790 284.
657 1725 772 1792 addidit
793 1728 955 1811 dupliciter
975 1737 1035 1802 dici
1052 1733 1152 1826 Ἡγη-

43 1829 155 1902 σίνους
176 1835 208 1892 ct
224 1822 399 1908 Ηγεσῑνος,
427 1827 474 1890 sic
494 1831 528 1888 ut
549 1817 700 1908 ὅορυξόὸς
720 1833 751 1890 ct
771 1826 915 1911 δορυξός,
942 1837 1054 1915 quibus
1076 1857 1153 1907 001·-

43 1933 155 2008 raptae
175 1927 300 1990 ultimae
322 1925 470 2007 exemplis
493 1923 603 1989 Corais
632 1924 737 2006 adlicit
764 1923 871 2002 θιιιλος
891 1938 922 1994 ολ
941 1933 1093 2019 χρυσοχός
1113 1941 1153 2010 ad

44 2024 145 2092 Isocr.
167 2042 196 2106 p.
218 2024 288 2090 278.
312 2023 469 2088 Currere
491 2041 571 2105 quae
592 2024 716 2087 ultimae
738 2028 878 2105 proxima
900 2037 949 2095 ost
970 2035 1091 2113 syllaba
1112 2057 1152 2106 ex

44 2122 134 2187 brevi
153 2121 274 2188 reddita
295 2124 336 2187 sit
356 2122 459 2205 longa,
481 2129 512 2186 ct
533 2122 583 2186 lric
602 2124 831 2204 inexploratum
855 2129 979 2210 reliquit
1000 2139 1031 2196 et
1044 2135 1153 2202 Ruun-

45 2220 167 2286 lronius.
207 2220 269 2286 Sed
299 2222 365 2286 sine
387 2221 479 2286 dubio
501 2222 582 2286 idom
603 2229 768 2288 senserunt
790 2225 873 2305 quod
892 2227 1095 2300 Buttmaunus
1119 2238 1152 2304 in

48 2318 179 2385 Gramm.
197 2326 227 2395 §-
247 2319 296 2385 36.
320 2320 459 2400 syllabae
479 2321 579 2385 finalis
601 2322 722 2403 pondus
747 2323 924 2391 inclinatum
946 2346 1018 2395 esse
1038 2334 1069 2398 in
1092 2353 1152 2401 au-

47 2418 250 2484 tecedentem.
289 2419 386 2495 Quam
407 2421 587 2502 quantitatis
616 2421 802 2503 metathesin
827 2423 948 2491 duobus
971 2432 1151 2500 confirmare

46 2517 120 2582 licet
151 2518 319 2602 exemplis,
353 2521 479 2593 λαοῐνος
507 2524 537 2582 et
565 2519 648 2600 quod
674 2518 720 2582 illi
748 2521 856 2587 afferre
882 2526 1083 2606 neglexerunt
1110 2534 1150 2601 ab

48 2619 157 2684 eodem
169 2617 327 2697 Hesychia
347 2616 489 2682 traditum
510 2619 635 2702 Τερῖνος
648 2618 758 2700 ccipere
773 2617 924 2703 διάνοιαν,
942 2628 1058 2694 λυπῶν.
1088 2633 1151 2701 Sed

46 2718 174 2784 multum
195 2732 307 2780 uereor
327 2732 366 2780 ne
388 2717 466 2780 baec
486 2719 526 2781 sit
548 2719 681 2782 nominis
710 2722 829 2800 proprii
861 2724 1075 2806 interpretatio
1097 2749 1152 2796 ar-

48 2818 150 2896 gutior
172 2831 264 2898 quam
285 2815 404 2895 uerior;
424 2830 495 2878 nam
516 2817 643 2880 uerbum
663 2817 752 2898 τελρα
773 2819 812 2884 ad
834 2826 1079 2905 componendum
1100 2832 1152 2895 in-

47 2914 149 2980 babllc
178 2920 238 2980 est.
271 2912 364 2980 Addit
383 2912 518 2978 libertus
545 2915 577 2978 in
599 2914 744 2980 Sicelion.
768 2935 798 2999 p.
820 2918 870 2984 95.
902 2923 993 2986 simili
1019 2927 1151 3007 quadam

48 3013 254 3095 productione
275 3029 314 3077 ex
327 3012 490 3094 Χαρίλαος,
515 3013 676 3095 Περίλαος,
699 3013 868 3093 Βαθύλνος
888 3021 970 3096 lacta
992 3040 1064 3090 esso
1085 3025 1151 3093 Xoi-

48 3116 161 3198 ρθλος,
183 3105 402 3196 Πίριλλοςολο.
429 3110 537 3191 Neque
558 3119 660 3176 tamon
681 3113 854 3180 dissimulat
875 3135 910 3182 se
926 3123 1048 3187 nescire
1064 3143 1152 3196 cura

49 3213 205 3296 Χαρίνοος
225 3227 288 3275 non
301 3204 457 3292 Χάριννος
477 3211 612 3274 extiterit
633 3218 666 3276 ui
679 3215 835 3297 Χαρίλαος
847 3212 999 3299 Χάριλλος
1014 3224 1071 3288 sed
1087 3229 1153 3293 Xon.

48 3317 141 3394 ρῖνος.
185 3309 271 3385 Quae
303 3308 512 3391 discrepantia
543 3310 616 3374 milri
645 3317 731 3376 tanta
757 3314 878 3381 videtur
906 3324 939 3382 ut
968 3327 1153 3394 sententiam

48 3414 147 3494 ipsam
165 3413 294 3474 evortat.
320 3408 486 3473 Praeterea
501 3403 653 3491 Χάριλλος
668 3417 699 3478 et
713 3419 826 3497 cetera,
848 3414 886 3480 de
907 3417 1018 3498 quibus
1039 3422 1153 3493 dictum

116 3702 146 3770 7)
171 3699 230 3754 Nou
246 3697 299 3752 boc
327 3697 396 3766 apud
413 3697 567 3753 Pausaniam
585 3699 681 3766 legitur
697 3699 745 3755 sed
765 3705 895 3769 genitivus
909 3704 1035 3779 Ἀντίνου,
1059 3715 1102 3778 qui
1121 3717 1154 3773 ρρ

47 3785 179 3842 Αντινονς
202 3783 293 3838 relerri
316 3785 404 3850 potest
425 3785 453 3835 ut
479 3785 609 3852 Πειρίθου
637 3788 664 3837 ct
677 3782 827 3846 Ἀλκάθου,
855 3803 922 3857 quae
942 3789 1109 3851 liuttmannus
1126 3800 1153 3856 iu

51 3868 161 3924 Gramm.
186 3868 211 3931 §.
230 3867 272 3922 36.
292 3864 344 3918 huo
360 3864 454 3931 refert,
473 3864 506 3918 ad
522 3868 637 3937 Πειιρθο
639 3883 676 3926 oe,
691 3866 771 3918 Αλκά
775 3872 848 3928 eoos
883 3873 1030 3930 Priscianus
1047 3878 1089 3933 Vl.
1111 3883 1151 3951 17,

49 3953 106 4010 Ἀθ.
125 3950 165 4021 (p.
188 3948 262 4016 729.)
286 3949 396 4004 dutinus
420 3949 552 4016 componit
572 3963 631 4002 cum
649 3949 777 4018 Panthus,
802 3954 876 4020 cujus
898 3961 1028 4022 postrema
1049 3963 1152 4030 produ-

52 4036 123 4090 citur
158 4032 296 4090 llelladins
319 4031 525 4088 Besantiuous
518 4031 679 4089 rabiliter
703 4038 812 4089 uocatur
828 4041 1010 4103 Βηοαντινος,
1038 4052 1067 4103 ος
1090 4049 1152 4107 urps

52 4117 143 4174 Bosa'
136 4130 195 4186 rpsa
212 4116 308 4170 Autiuo
328 4121 355 4172 ct
371 4116 544 4187 dotiuopolis
