2750 4994
37 257 88 320 on
108 255 438 322 aarucrromous
460 255 598 322 nonin.
619 257 661 322 m
682 241 724 323 [a
744 258 831 324 nra.
866 259 898 324 c.
913 259 960 324 vr.
982 268 1012 337 ς.
1027 261 1056 326 3.
1098 261 1163 330 tra

37 428 155 501 quanta
187 421 394 503 malequam
423 437 541 504 paucae
569 421 660 486 nobis
690 423 774 486 velut
804 440 842 488 err
870 423 1010 488 incendio
1034 425 1160 488 relictae

38 523 98 584 sint
123 521 276 603 tabulae,
303 521 334 584 in
356 521 542 584 contrariam
573 519 763 601 impellamur
791 523 990 604 sententiam,
1022 523 1159 602 syllabas

38 619 125 702 illas,
150 637 240 700 quac
262 620 353 683 nobis
376 635 544 700 superesse
566 618 722 701 videntur,
751 620 914 686 ediverso
937 622 1069 702 quodam
1092 639 1160 684 rna-

38 734 111 780 nara
135 718 280 782 themate
299 723 386 798 cnjus
403 718 550 782 memoria
571 717 733 780 intercidit.
761 720 900 802 Denique
922 737 1017 800 saepe
1043 720 1081 782 lis
1111 727 1159 782 ast

38 824 140 879 utrum
164 817 307 879 breviori
328 819 397 880 roci
420 814 541 894 syllaba
563 812 643 877 desit
664 832 703 877 an
726 817 859 898 longiori
883 820 1028 898 supersit.
1070 818 1160 881 Velut

40 915 96 976 llla
119 915 196 977 sive
218 913 327 997 Abala,
349 915 439 996 mala,
462 914 552 995 talus
576 912 675 993 palus,
697 914 812 997 valum,
835 916 944 979 Cicero
967 918 1076 980 allecta
1097 933 1159 996 pu-

41 1021 98 1096 tat,
127 1015 258 1094 integra
280 1032 353 1078 vero
375 1013 494 1094 Axilla,
521 1012 645 1074 maxilla
667 1021 724 1075 ata.
780 1014 843 1078 Sed
864 1015 896 1078 C.
919 1015 1058 1094 Scaliger
1080 1015 1158 1077 baec

43 1129 80 1174 en
107 1112 177 1176 illis
207 1115 406 1191 processisse
436 1111 582 1190 affirmem
619 1127 698 1192 quae
728 1115 943 1178 controversia
970 1111 1067 1174 dirimi
1095 1128 1157 1174 non

43 1212 162 1290 poterit
193 1211 255 1274 nisi
283 1215 443 1289 comperto
472 1226 551 1290 quaa
581 1213 730 1290 cuiusque
755 1214 846 1277 luerit
869 1213 966 1292 origo.
1010 1212 1056 1274 Aa
1077 1207 1158 1272 mala

44 1309 170 1390 quidam
193 1309 261 1372 sine
284 1308 375 1370 dubio
399 1314 448 1370 est
469 1323 614 1387 graecum
632 1308 740 1390 μῆλον,
762 1311 823 1374 hoc
838 1317 940 1374 autern
956 1325 1019 1373 non
1035 1309 1156 1371 aliunde

45 1410 222 1490 profectum
244 1424 334 1488 qnam
356 1425 375 1468 a
396 1405 491 1468 verbo
513 1406 617 1486 prisco
636 1401 716 1488 μάω,
738 1409 817 1472 unde
830 1409 917 1491 μάμα
933 1410 1050 1491 βρῶμα,
1073 1429 1156 1490 μαμ-

45 1509 105 1588 μᾶν
127 1505 249 1571 ἐαθίαν
269 1506 341 1569 llas.
364 1505 547 1584 tertiumque
568 1498 686 1584 μάσταξ
701 1507 784 1587 qnod
802 1515 832 1572 et
848 1525 1040 1572 comesuram
1056 1509 1155 1588 signi-

46 1607 115 1670 ticat
139 1613 172 1669 et
196 1621 299 1667 ascum
322 1610 352 1665 at
374 1602 484 1665 malam
505 1603 571 1665 slva
593 1605 808 1670 mandibulam.
851 1606 917 1682 Quo
938 1607 1086 1670 refellitur
1100 1607 1155 1669 Ci-

48 1704 173 1766 ceronis
205 1703 361 1767 sententia
388 1703 476 1764 melu
504 1703 692 1767 imminutum
721 1723 801 1768 assa.
859 1705 922 1769 Nec
959 1713 1058 1769 tamen
1085 1705 1155 1766 binc

49 1803 180 1866 allicitur
207 1807 241 1863 ut
267 1801 390 1884 literas,
417 1801 529 1880 quibus
559 1803 682 1866 maxilla
713 1810 855 1886 superat,
886 1805 1034 1867 saburrae
1061 1803 1153 1866 modo

48 1903 230 1982 interjectas
251 1907 403 1980 putemus.
444 1899 530 1964 Licet
553 1901 631 1965 enlm
653 1903 779 1966 credere
793 1901 831 1965 ub
848 1902 956 1966 ecdem
968 1897 1038 1984 μάω
1051 1903 1154 1965 lictum

50 2017 119 2065 esse
147 1995 253 2084 μάττω
281 1998 330 2060 vel
357 1993 442 2079 μάζω
471 2006 504 2061 ιιι
532 1995 645 2082 apulo
666 1998 792 2082 σφάζω,
822 2007 852 2062 at
875 2000 1020 2081 deinceps
1041 2015 1153 2062 noman

49 2095 144 2180 μάγος
171 2097 222 2161 val
248 2093 330 2180 μάγη
359 2105 389 2160 at
416 2115 471 2180 per
497 2114 675 2183 paragogen
702 2096 829 2180 μάξιλλα
858 2099 940 2180 (Vnam
962 2115 1000 2160 na
1021 2114 1153 2178 graecae

9 2263 10 2274 ¹
51 2197 171 2280 quidem
192 2195 355 2278 analogiae
376 2195 407 2258 id
429 2196 560 2260 alienum
581 2215 609 2260 v.
634 2196 667 2261 G.
682 2198 731 2261 lll.
753 2205 783 2273 §.
798 2196 843 2280 2.)
866 2204 897 2260 et
915 2203 999 2259 carta
1013 2195 1152 2274 maxilla;

9 2351 11 2404 l
51 2313 109 2377 qua
129 2298 162 2358 in
181 2310 340 2376 paragoge
362 2295 436 2357 nihil
456 2295 590 2359 abundat
605 2303 728 2377 praeter
745 2299 853 2378 sigma,
875 2299 963 2375 cujus
980 2276 1089 2359 crebra
1103 2301 1152 2356 est

8 2410 10 2508 p
52 2397 210 2476 accessio;
243 2410 313 2458 narn
334 2394 497 2474 gutturalis
520 2412 558 2458 cx
579 2396 691 2479 verbo,
720 2396 982 2478 medioximus,
1004 2394 1150 2458 derivata.

8 2547 9 2566 .
51 2496 88 2558 Et
114 2495 227 2560 revixit
253 2492 361 2556 literae
389 2495 608 2558 intermortuae
635 2497 782 2559 memoria
809 2495 841 2557 in
867 2495 984 2557 novitio
1008 2509 1151 2556 sermone

54 2594 253 2673 Graecorum
286 2586 445 2672 μάγουλον
474 2593 553 2654 anim
582 2592 685 2656 dicunt
712 2611 740 2658 r.
761 2595 808 2658 Du
831 2595 924 2672 Cang.
951 2593 1028 2656 Hinc
1046 2592 1151 2670 Lyco-

8 2749 10 2800 *
53 2693 176 2772 phronis
203 2692 330 2755 verbum
356 2685 521 2772 γαμφήλας
549 2687 626 2755 ὄνου
653 2692 700 2757 et.
729 2692 906 2758 Scholiasta
931 2692 1151 2772 interpretatur

8 2855 9 2868 p
54 2787 101 2868 τὰς
121 2786 269 2874 σιαγόνας
291 2791 348 2853 τοῦ
369 2785 460 2853 ὄνου·
489 2786 566 2872 λέγει
587 2787 697 2875 δὲτὴν
716 2786 849 2854 Μαλέαν
869 2783 1062 2871 ἀκρωτήριον
1085 2790 1150 2850 Πε-

8 2885 10 2966 ζ
55 2888 246 2974 άοαοννὴσου
267 2883 374 2952 διὰτὸ
395 2884 525 2952 ἐοικέναι
546 2887 686 2972 σιαγόσιν
707 2887 794 2970 ὄνου,
817 2890 998 2971 quibuscum
1020 2887 1151 2965 conspi-

8 2977 10 3024 l
56 2998 95 3054 rat
113 2989 268 3071 Euripidis
289 2989 442 3069 interpres
471 2987 521 3052 Or.
542 2989 612 3054 362.
634 2991 763 3054 Maleam
783 2991 890 3053 vocari
911 2983 989 3050 daco
1009 2980 1150 3066 καταμά-

56 3093 161 3169 γουάον
182 3088 350 3160 ἰδιωτικῶς.
373 3088 539 3169 antiquum
560 3104 673 3153 nomen
694 3089 756 3152 loci
778 3089 833 3151 luit
853 3082 931 3150 dccv
947 3080 1067 3168 γνάθος
1084 3084 1150 3147 Etl-

57 3189 110 3268 pol.
130 3189 176 3251 Fr.
198 3185 340 3251 LXXXV.
363 3185 431 3250 572.
463 3187 522 3249 atsi
550 3186 704 3251 diversum
726 3188 799 3250 tacit
820 3185 962 3250 blalatius
982 3203 1010 3250 v.
1033 3184 1150 3248 Coraes

58 3287 89 3350 ad
116 3287 193 3350 Plut.
216 3283 250 3348 Τ.
271 3284 319 3348 Vl.
340 3283 409 3348 458.
438 3300 508 3345 nam
535 3285 708 3366 ubicunque
730 3287 972 3367 promontorium
1001 3284 1150 3364 sinuatur,

57 3386 91 3450 ibi
110 3387 210 3450 llalca
232 3388 296 3464 ast,
326 3398 388 3444 non
409 3383 441 3443 in
461 3383 616 3447 Laconica
637 3385 738 3448 solnm
765 3385 822 3450 sad
849 3387 880 3447 in
901 3383 1004 3448 Lesbo
1026 3399 1150 3463 quoque

57 3493 82 3549 et
101 3486 168 3548 aliis
190 3485 287 3564 loch,
310 3487 340 3544 et
362 3480 401 3543 ob
424 3481 552 3544 similam
575 3492 768 3547 curvaturam
791 3485 829 3547 ab
845 3483 1002 3562 Aeschylo
1025 3482 1149 3560 Salmy-

58 3584 134 3648 desia
153 3578 275 3666 γνάθος
296 3579 477 3661 appellatur.
507 3581 558 3644 Sic
580 3582 672 3662 igitur
693 3582 869 3646 adducimur
890 3583 978 3646 mala
998 3583 1149 3661 integrum

59 3700 129 3767 assa,
150 3680 287 3746 muritta
309 3677 531 3760 amplificatum.
556 3680 618 3744 Sed
639 3698 702 3745 non
724 3681 829 3746 eadem
852 3680 889 3744 de
912 3681 1052 3744 omnibus
1074 3695 1150 3742 sen-

58 3784 150 3847 tentia.
192 3780 355 3860 Proprium
370 3778 472 3842 Axilla
493 3796 643 3863 nusquam
664 3782 775 3861 legitur
798 3788 828 3845 at
848 3781 912 3844 beri
934 3787 1040 3861 potest
1062 3785 1149 3840 utne

61 3882 155 3947 Cicero
185 3880 309 3963 quidem
337 3880 447 3960 legarit
482 3878 538 3945 sad
566 3880 721 3961 quomodo
750 3882 926 3946 Muraenam
960 3897 978 3941 a
1005 3893 1151 3941 muraena

61 3983 236 4064 appellatum
258 3978 367 4044 volunt
393 3985 425 4043 at
452 3979 512 4042 alia
540 3979 715 4059 hujusmodi
742 3982 827 4061 prius
850 3980 1006 4059 exagitata
1027 3997 1054 4042 v.
1075 3977 1151 4042 Dis-

62 4089 122 4147 sert.
141 4082 162 4147 1.
185 4081 219 4147 G.
237 4079 287 4146 lll.
311 4086 340 4154 §.
363 4077 391 4146 5.
414 4079 461 4144 sic
481 4077 555 4142 illud
576 4080 715 4159 posuerit
738 4087 881 4160 tanquam
904 4096 942 4142 err
964 4077 1151 4159 appellativo
