2758 4994
79 248 138 314 DE
162 250 263 318 ΝΟΜ.
287 251 452 330 QUORUM
473 255 587 323 CHAR.
609 255 688 320 EST
707 257 889 324 Lacunis
912 263 944 328 C.
968 264 1003 329 11.
1026 274 1056 341 ς.
1078 268 1106 332 2.
1126 270 1197 340 nna

76 416 150 480 nati
172 417 393 499 οιιορωλζεοθαι
408 415 572 496 Ἑκαταῖος
589 417 647 502 μὲν
671 417 765 502 λέγει,
790 422 823 486 οἱ
849 420 883 488 δὲ
907 419 1037 494 >ram
1063 428 1195 498 σκεδάν-

73 516 243 580 ιιυοθαι.7
282 517 338 582 llio
366 524 468 585 autam
500 521 640 602 exemplo
669 523 801 588 nominis
823 519 974 608 οκιλριφος
995 528 1106 594 ductus
1128 533 1193 602 He·

22 653 23 660 ι
75 615 197 694 sychio
221 633 279 696 pro
300 612 424 700 ταρὴφη
445 620 549 699 paullo
572 627 643 684 aute
657 621 857 686 restituebam
870 626 993 708 ταρίφη,
1007 630 1055 694 aui
1072 631 1189 699 similes

70 730 182 778 voces
203 710 313 796 τάρπη,
334 712 448 800 dolonn,
471 714 589 800 σάραος
609 717 689 782 idem
716 719 904 805 significant,
935 741 1054 809 arcam,
1076 729 1189 808 coplu-

69 829 164 878 num.
207 813 353 879 Femiuiui
372 818 496 896 generis
517 818 713 882 substantiva
739 816 800 882 duc
826 828 900 885 sunt
932 840 950 886 a
978 823 1188 895 Grammaticis

70 911 180 976 allata
204 907 315 1010 Ἑρλρη
345 920 376 978 et
399 909 541 1010 docimo,
566 923 728 996 utrumque
759 916 943 997 barytouum
974 924 1055 988 siout
1084 928 1186 992 omnia

68 1029 162 1094 quaa
192 1011 224 1076 iu
245 1035 306 1096 ρος
333 1021 364 1078 ot
391 1037 438 1098 φη
459 1024 589 1099 exeunt,
618 1014 673 1080 sed
701 1014 759 1080 tao
779 1016 860 1084 inter
881 1037 916 1083 so
939 1020 1186 1094 dissimilitudine

67 1109 164 1191 quod
186 1113 344 1192 proprium
365 1113 505 1177 vocalem
531 1114 656 1179 brevem
681 1112 789 1190 habet,
818 1117 1035 1197 appellativum
1062 1122 1185 1204 longam

67 1216 106 1273 ut
132 1210 223 1274 urbis
244 1227 356 1274 nomen
373 1202 546 1294 '‘ilittpne8
565 1212 645 1278 uude
667 1213 809 1294 proiecta
830 1221 879 1278 est
901 1218 1056 1298 scriptura
1070 1221 1184 1288 vitiosa

68 1302 211 1391 ἀγρελφη
233 1316 264 1372 at
284 1301 437 1392 ἆγρεῖφνα
457 1313 489 1374 in
509 1312 644 1376 Phaniae
665 1312 767 1393 Epigr.
788 1311 880 1376 Aaou.
902 1312 933 1376 P.
956 1317 1003 1383 vt.
1025 1319 1094 1384 297.
1167 1391 1169 1396 ,

193 1435 338 1522 ’Ἀλκριος
359 1434 531 1524 opprimerer!
549 1441 748 1524 αενοὸονιίᾶα
767 1440 821 1506 nol
841 1443 1038 1526 φιλοδούιιου

265 1536 386 1622 φάρσος
407 1533 487 1623 ἄμας
506 1542 628 1604 eadred
648 1542 745 1623 χῆρον
764 1538 912 1621 liciniae,

200 1632 401 1720 ἄρθροιιέδαν
420 1637 538 1723 στήμον
556 1661 587 1702 τε
607 1637 660 1702 καὶ
680 1633 872 1721 ὥλεσλβωλον
891 1636 1028 1728 ἀρούρης

245 1739 370 1820 σφῦραν
390 1737 442 1803 καλ
463 1735 606 1803 δαπέδων
626 1735 825 1822 μοννορύχην
846 1737 945 1823 ὅρνγα
993 1811 996 1814 ,

200 1833 253 1902 καλ
273 1834 380 1914 κτένας
400 1835 567 1923 ἕλκητῆρας
588 1831 649 1902 ἀνὰ
669 1834 865 1918 προπύλαιον
883 1835 1018 1916 Ἀθάνας

261 1933 384 2020 θήκατο
403 1975 444 1984 -

62 2090 174 2156 Primo
202 2090 326 2156 nomine
355 2088 520 2154 Jacobsins
554 2094 686 2151 rastrum
722 2088 874 2153 declarari
907 2093 1015 2152 censet
1049 2096 1177 2152 auctore

64 2188 228 2268 Hesychia
248 2181 376 2271 Ἀγρλφη
397 2183 460 2272 ἄμη
481 2181 594 2270 σκάφη,
638 2186 700 2252 Sed
730 2183 793 2270 dpp
820 2204 962 2252 seorsum
989 2194 1176 2251 memoratur

62 2303 128 2352 rrec
150 2287 296 2350 converit
322 2287 350 2351 ei
378 2288 537 2369 epitheton
563 2284 745 2360 κενοᾶοντίς.
792 2287 917 2351 Rectius
938 2285 1030 2366 igitur
1052 2285 1174 2369 Snidas,

63 2387 121 2467 qui
142 2385 203 2448 hos
225 2402 334 2450 versus
354 2386 456 2468 affert,
476 2386 696 2468 iuterpretatur
716 2381 871 2469 lopolriov
890 2376 1060 2467 γεωργικὸν
1079 2381 1173 2448 πολύ-

62 2506 194 2566 γομφον
214 2480 248 2546 ἐν
268 2471 294 2570 ᾧ
316 2480 488 2567 συνάγουσι
507 2479 564 2548 τὸν
582 2480 703 2566 χόριον,
726 2486 890 2565 perspicue
908 2483 1084 2564 significans
1098 2483 1173 2547 illud

62 2582 153 2664 quod
173 2590 332 2648 nostrates
352 2584 477 2650 necnon
503 2590 618 2648 vocant
639 2591 669 2646 et
690 2583 796 2648 Hcrle
824 2601 861 2647 ac
887 2583 1027 2648 similiter
1053 2584 1171 2647 mediae

63 2682 182 2746 aetatis
202 2683 374 2762 scriptores
396 2682 544 2748 λααιιια.
574 2681 672 2762 Hujus
694 2690 795 2747 autem
818 2681 1026 2746 diversasunt
1040 2698 1171 2761 gencra3

63 2797 160 2845 naum
181 2779 374 2864 latissimum,
395 2798 456 2862 quo
473 2782 650 2846 faenisecae
666 2788 696 2844 et
710 2797 868 2845 messores
884 2787 1018 2862 utuntur,
1041 2780 1169 2844 alterum

62 2895 126 2960 quo
156 2878 311 2944 hortulani
338 2881 446 2961 glebas
473 2881 658 2963 lapillosque
685 2897 740 2961 per
770 2897 860 2944 areas
882 2896 1013 2959 sparsos
1036 2896 1170 2943 couver-

62 2982 153 3057 ruut;
189 2977 227 3041 de
253 2978 306 3042 illo
334 2979 469 3060 loquitur
497 2978 624 3044 Ovidius
651 2980 683 3042 iu
703 2978 824 3044 Remed
845 2981 911 3042 Am.
931 2977 998 3042 191.
1026 2981 1167 3042 rusticos

61 3076 153 3156 (post
175 3079 321 3159 messem)
344 3077 487 3160 defectos
508 3079 640 3158 callipot
660 3078 776 3142 tortos
799 3080 831 3141 ct
853 3081 980 3140 tonsam
1000 3094 1078 3139 roro
1104 3095 1166 3156 pe-

62 3177 148 3238 ctino
169 3178 269 3238 verrit
290 3175 438 3254 lumem·
466 3179 593 3242 alterius
615 3193 726 3241 nomen
748 3183 796 3240 ost
816 3171 923 3258 αραφα
944 3161 971 3259 ᾦ
991 3172 1022 3237 ol
1042 3195 1166 3256 κηπου-

59 3270 111 3354 ρολ
136 3267 191 3348 τὰς
211 3269 330 3355 βώλους
351 3267 508 3358 ἀπάγαυσι
528 3277 600 3340 Hes,
623 3277 671 3339 cui
692 3267 807 3358 ἆγρίφη
824 3280 854 3338 ei
867 3273 1043 3357 γριφᾶοθαι
1055 3270 1165 3337 συνέλ-

58 3394 125 3436 κειν
146 3373 220 3437 Hes.
243 3381 377 3455 cognata
395 3374 545 3441 videntur.
586 3375 772 3439 Alterutrum
793 3375 928 3454 speciem
950 3372 1083 3436 Phanias
1106 3391 1165 3454 ap-

124 3653 156 3720 7)
173 3652 309 3708 vocalium
326 3653 347 3706 ἆ
363 3659 390 3710 el
409 3662 425 3708 o
443 3653 566 3724 frequens
584 3655 739 3723 permutatio
757 3657 816 3708 ante
829 3652 930 3706 literam
943 3649 999 3720 rho,
1014 3649 1162 3720 πορδακός,

57 3733 198 3809 πόρδαλις,
218 3735 362 3806 ὀῤῥωιλιῖν,
381 3737 513 3806 ὄρχαμος,
531 3737 651 3808 πόρνοψ,
670 3735 805 3805 κόρτιρος,
824 3737 916 3803 κορζία
929 3748 982 3788 cor.
1011 3732 1045 3787 Et
1059 3740 1164 3789 tenuem

57 3833 103 3887 pro
121 3821 237 3888 aspirata
256 3823 359 3889 accepit
376 3825 474 3890 καρπλς
489 3822 516 3875 id
535 3827 575 3876 est
593 3818 695 3875 festuca
713 3820 758 3873 illa
772 3821 845 3869 lictor
862 3833 937 3884 mecm
949 3814 1035 3881 jactor
1056 3819 1162 3884 tequea.

122 3925 153 3993 Β)
171 3925 201 3980 lu
218 3925 301 3982 Strab.
321 3928 363 3982 lv.
381 3929 441 3986 238.
461 3930 522 3984 olim
537 3928 669 3998 Ἀλλιφαί,
687 3942 757 3982 nunc
769 3925 893 3992 Ἀλλίφαι
913 3921 1020 3977 editum.
1055 3921 1095 3976 Ex
1116 3922 1162 3976 Si-

56 4009 91 4064 lio
110 4014 213 4064 constat
231 4011 344 4065 mediam
360 4013 478 4080 produci.
513 4013 621 4070 vicinae
647 4012 718 4068 urbis
738 4007 869 4078 Gotlipdoe
890 4006 945 4060 liu.
970 4003 1041 4060 vill.
1063 4006 1113 4074 25,
1137 4007 1162 4064 t.

57 4105 151 4148 romeu
169 4092 239 4161 apud
258 4093 373 4150 Graecos
392 4109 444 4150 non
461 4099 556 4163 reperi.
