2770 4992
185 271 234 339 60
546 270 874 338 nissnurrrlo
905 272 927 336 l.

184 427 265 518 θὲρα
284 430 362 518 λέγει
384 437 487 502 Sobel.
509 437 582 518 Lyo.
604 437 695 503 700⁹
719 431 837 519 χάσνρα
865 430 936 501 άννλ
955 437 1015 500 τοῦ
1034 431 1153 520 γαστήρ
1178 436 1298 501 λαθοᾱ.

185 535 281 600 Beklr.
302 535 352 602 88.
375 537 487 617 qubus
508 555 547 600 ex
568 537 700 602 adverso
724 555 836 619 ponam
862 538 1016 619 primitiva
1036 554 1093 617 pro
1117 535 1298 600 derivativis

185 637 291 717 posita
317 630 418 718 μάιηρ
445 649 501 715 pro
530 630 632 718 μήτρα
659 635 805 716 Hippuer.
839 637 918 717 Epp.
946 654 975 718 p.
998 635 1069 700 826.
1103 636 1135 702 T.
1156 636 1206 700 lll.
1233 628 1297 718 άὴρ

184 729 368 819 πυροφόρος
388 751 445 816 pro
467 728 551 813 αὔρα
570 733 695 798 Hosiod.
718 733 797 816 Opp.
818 735 887 800 549.
916 728 1019 818 ὀφρύς
1048 751 1105 815 pro
1135 726 1240 817 ὀφρύη
1261 735 1295 798 irl

187 841 236 899 est
257 829 345 916 ἐξοχή
366 832 485 896 llosob.
506 833 542 897 ll.
563 832 613 898 48.
634 834 707 896 item
729 834 757 896 si
771 827 852 916 χρώς
864 835 994 917 αἵματος
1008 833 1120 898 dieitur
1132 851 1188 914 pro
1203 829 1296 916 χροιά

186 931 280 1015 0rplr.
300 934 377 998 Lrtn.
396 931 467 996 654.
490 937 521 994 et
541 930 650 1012 εἵματα
669 933 776 1015 χροιᾶς
794 935 826 996 in
850 934 990 1015 Cyprior.
1011 933 1128 1012 Fragm.
1141 932 1217 998 XIV.
1232 950 1291 1014 pro

183 1027 309 1114 χρωτός,
331 1047 410 1112 quae
431 1031 484 1110 qui
498 1029 697 1114 distinguunt,
719 1032 855 1112 regulam
871 1032 960 1114 sequi
972 1031 1122 1114 videntur,
1144 1032 1197 1112 qui
1211 1048 1292 1095 oon-

185 1129 327 1212 tundunt,
355 1129 518 1192 lieentiam.
560 1129 649 1193 Valet
678 1136 780 1193 mmen
801 1132 833 1193 in
854 1133 1029 1195 universnm
1056 1129 1139 1210 quod
1160 1131 1192 1194 in
1213 1147 1292 1210 pro-

184 1229 291 1293 verbio
313 1227 373 1290 tlioi
393 1227 485 1309 solet,
507 1223 541 1290 ἐν
557 1225 660 1314 λευκῷ
679 1227 761 1314 ttep
781 1227 876 1312 λευκὴ
898 1226 1031 1312 στάθμη,
1055 1231 1127 1310 quia
1148 1246 1187 1292 ex
1208 1245 1292 1308 pau-

184 1329 239 1409 eis,
269 1343 348 1407 quae
371 1327 451 1389 forte
474 1328 598 1391 fortuna
617 1329 649 1391 in
669 1328 811 1391 notitiam
832 1335 971 1392 nostram
992 1344 1115 1409 venere,
1140 1328 1292 1390 testimo-

182 1427 242 1490 niis
263 1425 344 1489 baud
365 1424 480 1506 liquido
503 1433 589 1507 patet
610 1427 752 1508 quaesit
773 1428 1022 1506 uniuscujusque·
1042 1423 1186 1490 vocabuli
1210 1441 1291 1504 pro-

182 1526 250 1608 pria
277 1531 436 1606 potestas,
472 1539 533 1604 quo
563 1527 631 1590 sine
659 1526 819 1590 abusionis
848 1542 943 1589 sensu
971 1523 1131 1590 transferri
1153 1529 1184 1586 et
1207 1522 1291 1587 ultra

181 1639 272 1705 quem
299 1624 387 1687 linem
417 1623 562 1703 progredi
587 1640 650 1687 non
677 1627 780 1706 possit
807 1626 880 1705 quin
907 1630 1048 1687 naturam
1076 1638 1164 1686 suam
1186 1628 1289 1686 eruat.

182 1723 277 1803 (lalus
299 1723 344 1786 rei
366 1729 480 1803 quanta
502 1723 543 1786 sit
564 1722 737 1806 diiioultas,
758 1723 901 1786 laeillime
916 1709 1066 1786 sentietur
1081 1721 1108 1784 si
1121 1721 1191 1801 quis
1208 1736 1289 1783 oon-

182 1823 311 1886 stituere
331 1829 460 1884 eonetur
482 1822 519 1886 de
541 1822 660 1886 duabus
682 1823 789 1887 formis
811 1827 881 1884 utra
902 1822 944 1884 sit
966 1821 1121 1900 antiquior
1140 1815 1233 1894 νάλος
1248 1836 1289 1884 an

180 1916 266 2004 οάλη,
288 1914 396 1994 σικυός
416 1938 455 1984 an
475 1916 578 2000 σικύα,
600 1922 737 2004 αραῦρος
758 1921 851 1984 boum
864 1919 992 1983 morbus
1008 1935 1048 1981 an
1060 1913 1183 1999 αραύρα
1196 1935 1286 1982 suum

180 2039 208 2086 v.
227 2019 396 2086 Schneider
409 2020 448 2084 ab
460 2022 555 2085 Arist.
579 2021 611 2086 T.
626 2022 675 2085 lll.
688 2019 791 2084 652.1ο
810 2035 848 2083 ao
862 2020 978 2101 pariter
993 2017 1136 2097 ambigua
1153 2011 1288 2098 βράγχος

179 2115 306 2203 βράχχη,
328 2113 422 2201 άρῥοςΙ
443 2112 533 2202 οὐρά,
555 2115 632 2202 ὀρός
652 2121 719 2183 sive
741 2111 836 2201 ὀρρός
857 2135 970 2201 serum,
990 2104 1089 2197 οὖρον
1109 2116 1206 2199 urina,
1226 2111 1286 2180 αό-

179 2220 297 2302 ρυμβος
316 2215 473 2302 κορύμβη,
496 2237 575 2300 quae
595 2219 821 2299 lexicographi
842 2233 1004 2298 perperam
1025 2232 1082 2296 pro
1105 2216 1287 2295 synonymis

179 2319 345 2400 aooipiunt,
367 2318 523 2399 latinaque
544 2334 636 2381 arcus
658 2335 740 2400 area,
762 2322 873 2398 portus
896 2315 1102 2397 (angiportus,
1123 2315 1287 2395 sacripor-

180 2417 245 2497 tus)
267 2423 374 2497 porta,
402 2417 524 2496 glomus
552 2416 693 2498 (globus)
715 2417 821 2497 gleba,
853 2414 946 2478 tubus
975 2413 1049 2476 tuba
1076 2413 1117 2493 (v.
1138 2414 1224 2477 Varr.
1247 2413 1287 2478 tle

178 2515 251 2579 L.L.
262 2516 296 2578 V.
310 2514 373 2594 35.)
396 2515 515 2578 animus
529 2516 639 2596 anima,
662 2522 821 2595 postremo
836 2513 965 2577 duorum
977 2512 1141 2597 nominum,
1158 2512 1195 2576 de
1213 2514 1288 2593 qui-

178 2614 237 2678 bus
261 2612 623 2677 subornationem
650 2613 745 2677 Bekk.
767 2613 902 2693 loquitur
929 2611 1019 2694 τίτθη
1045 2604 1066 2693 ἡ
1093 2605 1150 2676 τὸν
1175 2605 1288 2676 τιτθὸν

177 2706 369 2793 παρέχουσα,
391 2719 461 2774 utra
482 2713 580 2774 forma
601 2718 632 2775 et
652 2719 723 2775 utra
740 2711 922 2791 signiboatio
944 2711 1148 2790 principatum
1170 2716 1286 2794 teneat,

178 2811 346 2878 decernant
367 2815 418 2892 qui
439 2811 543 2874 velint.
583 2810 650 2874 Nos
672 2810 749 2874 haee
771 2817 801 2873 et
823 2809 885 2872 alia
905 2810 936 2872 in
954 2807 1055 2874 medio
1072 2808 1285 2889 relinquentes

179 2909 386 2992 apertioribus
407 2911 587 2973 insistemus
609 2910 809 2989 paronymiae
829 2907 980 2989 vestigiis,
1003 2923 1155 2987 quumque
1173 2908 1286 2973 baete-

176 3026 236 3077 nus
258 3009 295 3073 de
317 3009 512 3090 appellativis
535 3007 647 3072 dietum
669 3010 722 3091 sit,
744 3024 825 3070 nune
846 3007 974 3088 propria
995 3005 1033 3069 ad
1055 3013 1161 3086 partes
1182 3024 1285 3070 voea-

175 3109 285 3175 bimus.
328 3109 391 3174 Sed
411 3114 504 3170 antea
525 3106 563 3170 de
583 3107 693 3170 finibus
714 3106 937 3188 homonymon,
960 3105 1161 3184 synonymiae
1176 3111 1207 3168 et
1221 3123 1285 3186 pa-

175 3209 348 3290 ronymiae‚
380 3224 459 3288 quos
481 3221 544 3269 non
566 3204 718 3269 dialeotiei
739 3206 840 3269 solum
868 3203 925 3267 sed
945 3204 1135 3283 grammatioi
1156 3221 1283 3287 quoque

175 3307 300 3372 mirilice
321 3307 517 3387 permiscent,
539 3319 640 3385 panea
660 3303 866 3386 praedicenda
888 3309 968 3367 sunt.

258 3446 288 3515 §.
310 3439 338 3503 3.
382 3438 466 3501 Theo
493 3439 525 3501 in
553 3437 716 3518 Progymn.
735 3437 783 3502 IV.
807 3437 874 3503 187.
903 3437 935 3500 Τ.
956 3435 977 3500 Ι.
1000 3429 1152 3517 ὁμώνυμα
1171 3436 1282 3521 inquit,
1309 3416 1310 3421 ἵ

174 3533 256 3603 ἐστὶν
277 3523 323 3600 ὦν
345 3529 438 3621 φωνὴ
458 3531 515 3618 μὲν
534 3529 587 3600 καλ
608 3530 708 3616 ὄνομα
728 3529 763 3598 τὸ
783 3527 878 3614 αὐτό,
900 3529 1003 3617 ἕτερον
1024 3528 1057 3597 δὲ
1076 3528 1111 3597 τὸ
1133 3532 1281 3617 σημαινό-

174 3660 268 3724 μενον
296 3629 366 3701 οἶον
392 3639 465 3711 παῖς
492 3628 510 3698 ὁ
536 3629 605 3710 υἱός
631 3631 684 3698 καὶ
709 3627 727 3698 ὁ
756 3633 877 3709 δοῦλος.
926 3634 967 3698 Et
996 3633 1099 3698 Sobel.
1129 3633 1167 3698 atl
1188 3635 1281 3702 Dion.

171 3783 467 3798 —————

239 3862 268 3931 9)
295 3862 368 3916 llaec
387 3863 413 3914 in
431 3859 523 3928 Odyss.
542 3860 585 3914 vl.
604 3859 646 3914 44.
668 3857 831 3912 librariomru
849 3871 936 3914 errore
955 3855 1062 3911 conlusa
1074 3857 1180 3926 putabat
1192 3857 1279 3913 libia-

173 3961 235 4014 nns3
257 3945 306 4001 sed
325 3944 440 4000 contudit
456 3946 536 3999 etiam
552 3941 694 3996 Anaxilaus
711 3942 772 3996 Atb.
787 3941 856 3997 lllll.
877 3941 935 3999 538.
950 3940 981 3994 E.
1001 3939 1074 4006 ὑψοῦ
1089 3942 1156 4011 πρὸς
1171 3944 1280 4013 αἴθραν

174 4037 200 4088 οι
218 4032 262 4088 alii
281 4045 307 4084 v.
325 4027 431 4085 Jacobs.
450 4027 528 4082 Anth.
547 4027 576 4082 Ρ.
591 4027 650 4082 517.
668 4025 784 4082 bleinelr.
803 4027 830 4080 iu
849 4024 921 4080 Com.
941 4024 1043 4094 Fragm.
1061 4024 1210 4086 1111.ae

241 4113 285 4180 10)
308 4112 409 4169 Eodem
427 4114 537 4167 aceentu
555 4124 597 4178 ap.
616 4109 691 4166 Suid.
710 4124 732 4164 s.
751 4107 893 4178 Διάῤῥοια.
