2788 4994
213 293 286 366 1100
561 273 886 350 ttissltttnnnto
927 274 978 342 xt

216 457 280 528 sad
308 455 347 522 de
375 453 536 535 utriusque
569 443 792 515 terminationis
826 441 1044 508 eumeuieutta
1077 449 1195 524 postea
1224 441 1309 508 dieta·

215 575 270 628 rus
290 571 368 624 sunt.

300 661 331 732 t.
358 651 388 720 6.
432 647 529 730 Urget
556 645 636 711 eninr
663 643 818 726 antiquior
844 641 987 722 quaestio
1018 647 1050 706 et
1075 639 1262 723 perplexior
1284 640 1316 704 tle

219 753 320 838 ellipsl
355 748 506 816 tooallum
535 741 609 808 u'tet
629 743 660 822 6,
681 744 731 806 oui
759 739 902 806 lloineltii
923 739 1019 804 uerita
1048 740 1224 822 praesultor
1247 741 1320 804 ffisl

220 855 305 923 Com.
329 869 359 936 p.
378 849 449 916 404.
470 837 764 930 „tenesmum
786 843 818 906 et
833 831 965 920 Ἀμφίας
990 855 1057 902 aon
1082 842 1152 903 aiei
1180 840 1325 904 σεοοοιιι

226 951 370 1034 ejusdem
403 949 541 1014 mominis
565 943 693 1027 [οντασι
727 943 813 1006 aaut.
861 938 913 1002 lto
940 929 1065 1010 ’iil-alm
1092 937 1268 1002 σίοοῠαιοιτ
1300 941 1328 1002 et

214 1047 339 1130 Ἐλτις,
361 1046 507 1120 Μαντίας
529 1047 561 1109 el
581 1036 715 1118 Μάντις,
737 1038 837 1112 Λῦσις
857 1039 889 1101 el
907 1034 1036 1112 Λυσίας,
1063 1031 1172 1110 Tang
1195 1043 1231 1102 ος
1254 1040 1332 1102 m.

223 1155 289 1229 11ας
310 1155 342 1216 et
363 1147 464 1214 α11σ.“
503 1141 592 1210 liaud
613 1155 706 1205 secus
727 1132 852 1210 Maiores
872 1140 903 1198 et
922 1127 1075 1208 Μᾰιαως.
1118 1137 1155 1198 lu
1182 1137 1249 1201 laoe
1275 1155 1334 1201 au-

224 1261 285 1320 tem
313 1249 429 1331 primus
457 1239 735 1308 oonsiderationam
755 1234 885 1300 intendit
906 1232 1077 1298 Salmasius
1096 1233 1153 1297 ille
1174 1237 1336 1300 curiosis·

226 1353 322 1420 sium
344 1343 535 1425 antiquitatis
558 1337 751 1422 speculator,
781 1334 833 1415 qui
860 1333 892 1395 in
911 1330 1059 1395 Plinianis
1080 1349 1111 1412 p.
1133 1331 1211 1398 618.
1234 1335 1270 1398 ll.
1293 1336 1338 1396 ita

229 1445 370 1514 disserit:
392 1436 579 1524 Zoppdpooc,
599 1435 707 1519 lnquit,
730 1437 761 1498 el
788 1427 928 1514 Σάναοις
954 1430 1038 1493 idem
1067 1435 1117 1494 eat
1147 1449 1273 1496 monem
1302 1435 1339 1495 at

227 1541 366 1618 Λούκιος
392 1541 526 1618 Aetius,
554 1531 675 1618 Κύριος
696 1527 805 1612 Kalpia.
848 1531 959 1594 Testes
977 1528 1031 1591 ille
1052 1529 1193 1610 appellat
1218 1531 1338 1614 nullos,

228 1643 285 1714 sed
312 1641 435 1708 dubium
463 1653 527 1704 non
561 1641 611 1700 ast
632 1634 705 1716 quin
731 1631 868 1696 ultimum
903 1645 942 1692 er
961 1627 1153 1708 anthologia
1173 1633 1340 1711 sumserit,

228 1743 281 1812 ulti
308 1741 388 1806 idanr
416 1739 509 1804 lronro
536 1733 633 1800 semel
664 1726 785 1813 Κύριος
810 1734 941 1794 voantur
964 1726 1121 1791 1111115.
1153 1727 1207 1792 lois
1234 1732 1341 1814 Κῡρις

228 1862 258 1912 n.
287 1837 501 1910 20611213.
530 1832 614 1916 quod
641 1846 753 1895 nomen
780 1829 812 1892 in
840 1826 910 1890 ood.
937 1831 1158 1906 paroxytonon
1185 1844 1283 1912 esse,
1306 1837 1340 1892 ut

228 1943 280 2011 ille
309 1937 449 2021 sonipsit,
480 1940 609 2001 testatur
634 1929 818 1995 Paullsenus
844 1926 876 1989 in
903 1925 1012 1989 Collat.
1039 1941 1068 2006 p.
1096 1923 1148 1990 16.
1189 1927 1339 1992 Alterum

178 2107 183 2117 ,
229 2040 372 2130 praebuit
391 2034 536 2102 Luoianei
556 2029 652 2096 libelli
672 2026 833 2109 inscriptio
856 2023 969 2105 duplex
988 2018 1127 2096 Λούκιος
1148 2029 1181 2087 el
1203 2027 1338 2100 Λοῦπος,

229 2143 379 2222 Utrinque
406 2135 504 2202 didert
531 2130 613 2196 duvii
638 2125 772 2206 Bithynii
798 2138 928 2205 nomen,
958 2138 1047 2203 quern
1072 2121 1167 2186 inodo
1200 2125 1339 2206 Sagarim
1391 2169 1392 2178 ,

228 2241 321 2308 ruodo
345 2235 525 2316 Sangarium
546 2227 652 2294 vocari
667 2224 805 2308 pluribus
828 2221 963 2286 ostendit
977 2221 1184 2286 Chilnneadius
1206 2224 1250 2288 ad
1265 2226 1338 2288 dia-

230 2341 281 2406 lal.
309 2337 372 2404 xii.
401 2333 471 2399 ³80.
499 2331 535 2396 it.
557 2330 601 2411 (p.
622 2325 692 2391 585.
715 2321 761 2388 ed.
786 2321 886 2403 lips.)
921 2322 1026 2385 Didert
1054 2327 1156 2384 auteur
1185 2339 1229 2384 eo
1252 2322 1338 2404 quod

231 2435 399 2519 Sangarius
427 2445 603 2514 paragogaa
629 2424 765 2506 speeiem
793 2419 886 2484 habet
906 2420 957 2483 uel
977 2420 1130 2502 iorrualis,
1153 2437 1219 2500 qna
1239 2422 1339 2485 intel-

230 2540 330 2604 leotus
352 2549 415 2598 uon
435 2534 568 2594 mutatur
589 2531 623 2588 ut
642 2517 808 2596 Aledium,
835 2512 966 2600 κάπριος
993 2525 1051 2583 elo.
1078 2517 1127 2581 vel
1157 2521 1248 2603 ejus,
1275 2539 1339 2602 qna

232 2656 251 2704 a
279 2630 481 2702 substantivis
512 2625 688 2690 derivantur
715 2619 882 2700 adjooliva,
903 2624 936 2681 ut
957 2618 1134 2699 lippaneius
1156 2621 1262 2683 amnis
1282 2622 1339 2685 Li-

234 2743 311 2802 oeut.
334 2733 431 2799 earm.
453 2725 492 2794 ad
512 2727 641 2804 August.
662 2739 690 2786 v.
711 2719 761 2785 62.
785 2719 817 2782 T.
837 2717 885 2781 lli.
905 2715 939 2780 P.
959 2716 994 2780 ll.
1015 2716 1114 2780 i’oett.
1133 2717 1207 2780 iliin.
1234 2725 1267 2782 et
1283 2722 1341 2784 Ti-

232 2835 358 2901 berinus
388 2827 506 2910 Virg.²⁵
534 2835 698 2901 earumque
721 2819 874 2882 rationum
900 2821 1030 2896 utraque
1057 2817 1201 2880 nonveuil
1231 2821 1340 2882 nomi·
1388 2822 1389 2865 l

233 2933 324 2998 nibus
345 2922 523 3006 Καΰστριος
544 2929 574 2988 et
600 2915 790 3000 ilropq'oaoa,
813 2931 892 2995 quaa
914 2914 942 2978 si
969 2914 1157 2993 antiquiores
1186 2925 1340 2982 unctores
1386 2936 1391 3014 q

233 3030 347 3097 iubent
368 3044 458 3112 quarn
480 3019 646 3104 Κάϋστρος
676 3024 707 3082 el
729 3017 888 3081 Titaresos
910 3013 1020 3077 Senon.
1043 3012 1154 3078 Troad.
1174 3013 1250 3082 848.
1271 3018 1339 3081 Lu.

235 3281 299 3338 XVI.
326 3277 366 3338 tii.
391 3273 521 3341 νησιώτης
545 3271 607 3326 Eur.
634 3267 713 3322 lohes.
738 3265 798 3321 701.
822 3263 925 3327 οἰκέτης
941 3264 998 3318 lon.
1019 3263 1090 3320 1373.
1111 3265 1239 3327 σνηνίτης
1256 3265 1336 3320 Diod,

237 3369 271 3424 ll.
299 3363 342 3421 li.
364 3361 540 3432 χειροτέχνης
563 3346 874 3420 ammanitidas.
900 3345 1051 3415 σχολαστής
1075 3345 1168 3414 Synna.
1196 3345 1231 3402 de
1250 3348 1334 3414 Regu.

235 3468 261 3523 Ρ,
274 3451 300 3507 χ,
316 3447 347 3502 ι),
361 3439 523 3514 mmmm,
533 3444 560 3495 ος
572 3433 736 3506 ιεροφάοτης
752 3434 811 3500 ,stes
821 3429 919 3501 proierl
937 3429 1056 3484 Boisson.
1072 3429 1104 3484 ad
1118 3428 1219 3497 Eunap.
1233 3445 1262 3498 p.
1276 3432 1336 3487 299.

301 3546 348 3614 25)
371 3543 438 3598 Nola
463 3545 522 3594 sunt
547 3535 624 3593 πόλις
649 3531 767 3601 Θρονιιὶς
787 3545 834 3601 pro
858 3527 975 3597 Θρόνιον
998 3527 1087 3596 Eurip.
1106 3541 1182 3582 mons
1197 3527 1336 3598 supernus,

237 3631 307 3704 quod
326 3629 458 3696 Zumplins
476 3622 596 3680 Ciceroni
615 3618 735 3682 detraxit,
754 3615 848 3670 etalio
867 3613 945 3679 talia;
963 3613 1048 3664 minus
1064 3625 1128 3666 varo
1145 3611 1337 3680 illapersonae

236 3713 397 3787 periphrasis
412 3725 462 3764 rem
485 3705 671 3760 Aenileliaaea
693 3712 739 3767 pro
761 3695 888 3751 Hannibal
904 3697 932 3748 in
949 3695 1066 3750 itinerar.
1085 3695 1216 3750 Hierosol.
1235 3711 1263 3764 p.
1277 3699 1335 3754 572

237 3798 308 3869 quod
332 3811 391 3850 euno
414 3791 480 3850 orde
503 3783 686 3843 Ποσειδώνιος
712 3779 823 3836 conferri
845 3783 932 3847 potest
946 3794 972 3833 r.
992 3779 1086 3832 Parall.
1104 3777 1163 3834 306.
1199 3778 1255 3834 sed
1268 3777 1336 3844 Ῥείη

237 3880 352 3950 Κνβηλίς
367 3877 451 3932 Nollll.
471 3874 535 3930 XIV·
552 3870 611 3928 214.
631 3873 659 3924 111
675 3868 776 3918 θέαιναι
792 3863 921 3931 Κνβεληίς
937 3861 993 3917 ΧΠ.
1011 3863 1070 3920 395.
1088 3861 1166 3916 XVII.
1187 3863 1228 3919 19.
1255 3878 1337 3918 1101111

236 3964 339 4032 liupila
359 3960 407 4016 sed
426 3973 443 4014 a
460 3957 558 4026 Cybelo
578 3956 635 4008 siva
654 3948 759 4017 cyneas
776 3946 942 4002 denominata
959 3950 1009 4002 est.
1043 3946 1207 4002 Amenanuru
1230 3944 1336 4000 ilurium

235 4045 398 4119 praetermisi
421 4044 483 4110 quia
508 4040 543 4096 de
567 4037 687 4092 breviora
712 4029 926 4110 [αισα-’ΛΜΨ
949 4044 982 4085 ax
1006 4029 1068 4086 Solu.
1094 4028 1168 4084 Pind.
1186 4029 1216 4083 P.
1235 4030 1259 4084 1.
1278 4031 1334 4088 130.

235 4146 287 4186 nou
304 4132 367 4185 sutis
381 4129 489 4182 uonslat.
525 4123 565 4178 ile
583 4117 725 4189 gentilioiis
742 4116 768 4168 in
786 4131 816 4170 ος
835 4117 862 4168 et
879 4132 919 4171 ιος
939 4113 992 4168 dixi
1009 4115 1036 4167 in
1055 4113 1148 4168 Parall.
1166 4112 1228 4170 363.
