2758 4994
224 261 295 335 258
597 260 922 332 otssanuerto
944 262 978 328 V.

223 435 332 512 ntor,
358 421 528 512 Μάιος
549 423 693 512 (ἄκακοι)
721 421 934 511 mediore
955 427 1136 510 oepnarus,
1162 421 1332 508 maiore

222 521 398 610 novitiora,
421 525 636 648 στοιανίοια
657 522 804 610 λισσάνιε
831 521 1014 642 lupone
1044 519 1194 609 ὀκνιάοοο
1222 519 1334 607 (ὀνο

224 619 292 708 pop)
320 622 542 712 πεισμαιιίρης,
571 622 779 710 properem,
806 619 943 709 σοχάρης
969 622 1101 708 (σικχός)
1130 632 1163 690 et
1190 626 1334 706 opilicnnr

225 723 453 806 appellationes
476 725 639 808 duplioiter
660 728 757 792 lenae
781 747 981 808 μαγγαναρης
1000 719 1223 807 μαγγανάριος,
1245 726 1336 803 upap-

223 820 319 906 νάιοι
342 819 512 908 viderere
532 821 723 908 tierricus
744 819 935 907 μακείίάιις
946 821 1154 906 munnam
1176 818 1336 905 trudes

225 923 395 1006 horontius,
416 921 547 1008 εείάρης
568 925 731 1007 cellarius,
752 918 943 1006 σιλοντιάρης
963 930 1023 988 οιο.
1044 926 1084 988 ol.
1104 922 1285 988 ilemsterlr.
1307 922 1337 983 in

224 1021 363 1090 Addend.
386 1021 425 1088 ad
446 1022 525 1088 Plut.
547 1042 575 1090 v.
598 1024 645 1090 15.
656 1021 683 1066 ¹³
705 1030 865 1104 postremo
886 1015 1035 1088 neutre’
1017 1017 1190 1103 appuleiae,
1212 1015 1337 1101 στιγμά-

225 1143 305 1201 ριον,
328 1137 408 1202 pnae
430 1121 524 1186 latine
547 1123 710 1187 terrnineta
729 1120 925 1186 Herodianus
948 1120 986 1186 de
1006 1121 1152 1186 Diolrron
1172 1119 1250 1186 201.
1272 1119 1336 1182 dis-

227 1222 366 1289 eeroite
393 1221 530 1300 preeois:
558 1215 598 1284 τὰ
624 1219 668 1295 τίς
694 1205 786 1303 α’ριῖνῖν
812 1214 1033 1302 ὑαοαοριοτιτὰ
1059 1214 1215 1284 συστέλλει
1244 1212 1282 1280 τὸ
1306 1239 1335 1290 α,

227 1313 384 1402 ludelau,
405 1314 569 1400 ponderent·
590 1313 612 1402 ἡ
632 1315 738 1402 μέντοι
758 1315 912 1404 συνήθεια
932 1313 996 1384 ἀπὸ
1016 1320 1072 1400 τῆς
1090 1320 1154 1382 τῶν
1170 1311 1336 1398 Ῥωμαίων

226 1413 388 1484 διαλέκτου
414 1413 512 1482 πολλὰ
542 1413 698 1484 ἐπίσταται
726 1413 924 1501 ἐκτεταμέναι,
945 1413 1121 1498 ιαίίάριον,
1151 1411 1334 1498 σουδάριον,

227 1515 310 1600 qnod
328 1516 457 1582 Nonnus
478 1516 624 1598 Pereplrr.
645 1519 695 1584 Xi.
718 1518 787 1584 tna.
814 1520 861 1586 sie
883 1518 1099 1599 pronunciavit
1121 1523 1154 1580 nt
1174 1511 1334 1597 ἱειαάριον,

232 1612 391 1699 Τιμαρον,
413 1631 522 1680 vonam
544 1618 697 1694 spriaeunr
719 1633 791 1682 eaeo
812 1622 909 1682 retus.

310 1723 339 1790 s
362 1715 390 1782 2.
434 1713 516 1780 idern
545 1714 768 1780 Grammatious
795 1734 827 1780 rr.
860 1717 946 1780 Μον.
968 1733 997 1796 p.
1018 1714 1067 1780 tt.
1096 1711 1313 1794 sirnplioinm
1305 1725 1335 1773 ιο

228 1837 314 1897 αιρος
335 1815 538 1882 desinentium
561 1829 651 1878 unnnr
672 1809 792 1896 ἑταῖρος
813 1815 1113 1906 properispornenon
1142 1828 1217 1875 esse
1247 1809 1334 1884 dioit;

228 1911 290 1980 ἔστι
309 1909 413 1997 ploret
432 1907 501 1978 τινὰ
521 1909 779 1994 προαιαροξύτονα
800 1908 962 1996 ἔχοντα
928 1935 987 1996 την
1013 1934 1046 1978 αι
1065 1905 1225 1990 ἀπέρανοὰ
1244 1905 1333 1984 ἐστιν,

229 2011 373 2096 ἄκαιρος,
395 2008 553 2092 εὔκαιρος,
576 2007 761 2094 εὐπαλαερος
780 2014 897 2096 χοιρίον
916 2009 972 2095 σὴς
992 2005 1122 2092 ακαρίας
1143 2011 1238 2076 scrib.
1264 2001 1333 2070 nt-

227 2117 333 2191 ίαιρος
353 2111 468 2196 χορίον
487 2112 543 2193 τῆς
556 2103 768 2192 Ἀκαρνανίας,
791 2112 828 2177 οο
847 2129 909 2194 quo
932 2113 1045 2178 Strabo
1068 2111 1203 2191 loquitur
1230 2125 1261 2172 r.
1281 2106 1334 2169 ln-

230 2219 322 2294 terpr.
346 2209 558 2276 ediluald.
582 2209 632 2276 30.
666 2211 727 2278 Ριο
756 2204 912 2292 ἀπέραντα
939 2211 1126 2274 correxerim
1153 2202 1333 2287 ἀπαράθετα

228 2307 272 2380 δὲ.
297 2311 357 2376 noe
379 2316 428 2376 est
449 2309 712 2393 incomparabilia,
734 2311 806 2392 quia
831 2317 884 2374 aut
904 2309 1052 2390 spntleta
1071 2314 1145 2372 sunt
1167 2313 1221 2370 aut
1243 2306 1334 2370 loeo-

229 2427 295 2474 ιιιιιι
316 2409 532 2489 nominumque
554 2410 697 2490 propria:
719 2405 883 2489 ἐπίκαιρος,
905 2405 1099 2490 norkowe,
1122 2402 1285 2485 Εὔκαιρος
1303 2401 1333 2464 in

228 2510 299 2574 Vita
325 2508 456 2572 Aristot.
487 2522 505 2568 a
533 2505 675 2586 Menegio
708 2507 790 2572 edite
818 2509 857 2574 rd
882 2509 971 2588 Diog.
997 2509 1032 2572 V.
1058 2506 1107 2571 35.
1138 2523 1167 2585 p.
1194 2503 1267 2570 610.
1290 2497 1332 2564 ed.

228 2606 346 2672 linebn.
374 2606 495 2688 (omiss.
524 2606 556 2670 in
579 2607 683 2689 Tlos.)
715 2602 875 2690 Πάναιρος
901 2608 958 2670 riri
986 2622 1098 2670 nornen
1127 2601 1265 2682 Ttruoyd.
1285 2597 1330 2664 lv.

230 2705 278 2772 78.
303 2699 434 2786 Θίαιρος
452 2703 534 2768 tiurii
552 2706 644 2772 Anti.
665 2706 727 2771 Vll.
749 2706 819 2772 eta.
847 2722 938 2789 quam
965 2705 1003 2770 ub
1029 2703 1188 2770 Herodoto
1216 2697 1333 2778 Τέαρον

230 2803 289 2868 diei
311 2803 469 2870 adnotant.
513 2805 732 2886 Theognostus
755 2806 790 2870 ll.
812 2807 860 2870 71.
882 2805 965 2868 addit
984 2803 1121 2870 dortourn
1135 2797 1289 2882 κύπαιοος
1303 2800 1331 2860 et

228 2895 378 2984 χήμαιρος
400 2903 536 2968 sortasse
558 2920 615 2984 pro
637 2904 785 2986 χίμαιρος,
807 2921 981 2986 quanquam
1001 2903 1033 2968 id
1044 2901 1261 2968 demonstrare
1273 2911 1331 2961 non

230 3015 367 3081 possunt.
410 3000 546 3084 Χίμαιρα
568 3002 752 3082 primitivum
774 3011 839 3086 est3
867 3002 1042 3085 μάχαιραι
1068 3001 1166 3066 verbo
1195 3000 1330 3066 decline-

298 3266 342 3335 ta)
368 3265 500 3336 Quidquid
523 3265 608 3322 adhue
625 3267 702 3336 hujus
721 3271 825 3336 generis
844 3269 912 3338 apud
930 3269 1089 3337 antiquiores
1107 3266 1273 3334 investigavi,
1290 3263 1329 3314 in-

230 3353 328 3407 certnrn
353 3353 400 3407 est.
442 3349 555 3406 Prirnurn
577 3353 658 3421 piseis
682 3349 815 3422 χελίὰρης
839 3355 894 3409 siue
917 3352 1062 3422 χελλαρίας
1084 3352 1110 3403 in
1135 3349 1215 3404 oodd.
1241 3347 1328 3402 Arnen.

229 3431 276 3488 lli.
298 3431 353 3489 108.
373 3431 402 3487 0.
424 3433 495 3490 idenr
514 3435 556 3490 vel
575 3435 668 3490 similis
689 3437 713 3491 oi
733 3437 777 3504 qni
796 3433 901 3504 χελλών
918 3440 1026 3489 voretur
1038 3434 1065 3488 id
1080 3439 1120 3490 est
1137 3431 1241 3502 χειλῶν
1255 3430 1327 3485 tato.

229 3515 283 3572 Sed
301 3529 353 3572 non
370 3516 489 3573 diversus
506 3518 608 3575 videtur
625 3519 771 3588 ααίίαρίεις
790 3531 839 3574 sen
857 3518 1007 3587 γαλλαρίας
1029 3517 1102 3573 brevi
1120 3518 1326 3585 antepenultimo,

228 3602 305 3669 isque
322 3601 419 3670 γαλίας
436 3601 531 3657 dieitur
547 3602 580 3658 ab
600 3603 741 3670 Hesychia.
776 3603 824 3656 Vin
841 3616 933 3656 sunum
949 3602 1014 3656 illud
1028 3603 1094 3656 Plut.
1114 3616 1137 3656 ο.
1160 3599 1247 3655 Colot.
1265 3598 1292 3652 C.
1309 3594 1327 3648 1.

225 3683 384 3752 Ἐπίκουρος
401 3683 450 3737 τὸν
465 3683 592 3750 Κολώνην
609 3684 705 3738 είώίίει
720 3684 887 3754 Κολωτάραν
911 3683 1121 3754 ὑποκορίζεσθαι
1146 3685 1194 3736 καί
1211 3675 1327 3734 notori-

228 3784 304 3835 ρων,
329 3767 378 3822 sed
399 3773 519 3825 omittere
537 3771 608 3824 nolui
628 3775 734 3838 propter
751 3771 864 3826 sirnilenr
884 3771 1003 3838 speeiem
1019 3770 1151 3822 nominum
1169 3767 1327 3835 plebeiorum

226 3849 373 3920 γοολεάριις
390 3855 441 3906 eto.
461 3856 599 3923 Σκοταρία
617 3851 701 3922 ζόφος
714 3854 820 3923 Ἀχαιοί
843 3853 907 3910 Has.
932 3851 1041 3908 lorinssa
1061 3865 1077 3906 a
1095 3849 1231 3921 οκοταρός
1247 3850 1274 3906 id
1292 3848 1327 3901 esi

228 3931 365 4003 σκοτερός.
400 3935 637 4006 Πλασταρεεῖοντες
653 3934 819 3994 πλάσσοντες
835 3935 949 4005 Hesyoh.
966 3933 1181 4005 μοθαρεῦεσθαι
1201 3933 1273 3988 Stolo.
1293 3928 1325 3984 Fl-

228 4016 256 4069 T.
279 4015 351 4071 LXV.
373 4019 412 4074 17.
431 4035 457 4088 p.
476 4021 534 4088 too,
554 4023 594 4078 12.
613 4035 697 4088 nuper
714 4034 729 4076 e
748 4019 826 4074 oodd.
850 4024 985 4088 recepturo
1011 4033 1059 4088 pro
1076 4015 1263 4086 peredeo-tar,
1280 4029 1326 4070 no·

225 4101 368 4170 vitiumque
386 4101 537 4174 ῥιπαρίζειν
552 4105 690 4173 singularis
708 4117 857 4173 parapogae
877 4103 997 4172 exempla
1018 4109 1086 4158 sunt
