2768 4994
183 297 235 372 DE
252 307 347 374 NOM.
368 306 534 390 QUORUM
554 311 667 378 ohan.
688 313 765 382 EST
786 316 915 386 SIGMA.
938 322 971 389 C.
986 325 1036 393 ln.
1090 333 1159 403 435

18 471 171 553 duplioi
200 474 249 536 usi
279 480 351 537 sunt
379 471 600 559 Συρακούσιος
629 484 660 542 at
687 477 893 565 Συρακόσιος,
916 504 974 552 noo
995 491 1106 562 dosunt
1126 502 1159 567 in

17 569 133 634 codd.
164 573 301 653 vestigia
327 574 436 637 tertiae
466 571 684 656 Συρακόσσιος
711 596 739 644 v.
768 581 898 649 Bolskan.
930 587 969 652 ad
992 592 1084 660 l'huo.
1108 601 1156 668 lll.

17 668 81 733 86.
120 669 187 732 oui
214 672 358 735 oonvanit
386 669 589 756 Σνράιιοσσαι
615 676 647 739 in
672 675 844 757 Epioharna
871 683 974 767 Epigr.
993 691 1084 760 Anth.
1106 699 1155 766 lX.

17 765 107 832 600.
147 767 245 832 Nuno
267 768 369 834 diooro
390 777 482 836 vaoat
503 772 625 853 quando
646 775 745 856 signa
766 778 835 844 aliis
858 789 1007 854 consonis
1028 795 1078 858 vol
1099 814 1155 863 na-

20 863 85 927 dat
111 864 179 928 vel
200 868 356 933 succedat.
399 868 765 968 Stephanus-Pappoua
784 868 1014 963 -Ἑλλανικὸς
1027 886 1060 954 δὲ
1073 892 1154 979 Γάρ

17 977 143 1044 ηασον
169 959 309 1050 ἔφητὴν
327 963 419 1032 πόλιν
446 965 499 1032 διὰ
518 972 576 1035 τοῦ
596 985 616 1036 d
636 964 704 1036 ἀλλ’
728 971 833 1056 οἴομαι
853 976 980 1064 σφάλμα
999 982 1092 1073 εἶναι,
1114 997 1153 1063 de

20 1079 95 1142 quo
119 1066 198 1143 jam
216 1064 355 1144 judicare
376 1083 440 1131 non
457 1085 634 1153 possumus,
655 1069 711 1135 sad
732 1088 822 1153 quam
844 1077 1001 1151 familiaris
1021 1091 1061 1154 sit
1074 1093 1153 1160 hana

20 1163 228 1227 terminatio
250 1151 327 1239 αἶοξ
345 1151 424 1230 αἶσαν
443 1167 602 1232 vocabulis
624 1168 752 1252 topicis,
773 1187 863 1240 namo
884 1178 1006 1260 ignorat
1028 1191 1059 1252 ot
1081 1207 1152 1256 oor-

23 1265 98 1325 tum
133 1262 308 1328 antithesis
336 1265 506 1346 exemplum
534 1272 583 1329 ost
605 1266 763 1348 Caprasia
789 1273 898 1341 irorata
918 1297 940 1344 a
962 1288 1067 1364 capris
1087 1308 1151 1354 ao·-

24 1361 179 1424 minata
208 1361 295 1426 Varr.
316 1365 350 1428 R.
371 1366 406 1429 R.
429 1364 465 1428 11.
486 1363 515 1446 3,
537 1363 567 1428 3.
593 1382 683 1447 quana
703 1366 821 1435 Plinius'
848 1381 879 1439 ot
899 1377 951 1441 alii
974 1381 1150 1464 Caprariam

26 1463 175 1540 vocant,
199 1436 308 1526 Graooi
327 1463 464 1545 Α’ίγιλον,
487 1470 518 1526 ot
537 1463 679 1528 Planaria
699 1465 800 1532 insula
822 1490 843 1535 a
863 1480 968 1556 aperte
990 1481 1075 1548 diota
1089 1504 1150 1552 aa·

28 1555 152 1634 quatis
186 1557 273 1638 [rato
302 1561 377 1627 Pliu.
404 1579 424 1626 a
453 1561 561 1627 Soliuo
588 1562 733 1628 Planasia
760 1576 889 1635 vooatur
917 1593 944 1640 v.
967 1579 1149 1668 Wossoling.

29 1651 72 1716 ad
95 1653 214 1721 Itinor.
234 1657 303 1724 504.
323 1656 472 1746 κοράσιον
494 1678 533 1724 ax
552 1656 701 1744 κοράριον
721 1664 834 1731 tanturn
854 1670 1029 1744 Buttmannl
1044 1686 1148 1764 opinio

31 1756 86 1815 ost
109 1770 213 1835 quani
234 1755 409 1824 addubitavi
429 1761 461 1824 in
480 1759 558 1824 hdn.
580 1759 619 1824 ad
639 1759 857 1860 GrQldz
877 1786 979 1855 nequo
1002 1781 1030 1843 oi
1057 1787 1149 1849 auxi-

30 1848 135 1914 liatur
162 1853 383 1937 Theognostus
406 1857 474 1924 125.
496 1851 536 1922 τὰ
555 1853 608 1922 διὰ
618 1862 677 1924 τοῦ
694 1876 784 1926 ασιον
797 1864 977 1953 γυμνάσιον,
991 1876 1146 1964 lanciam,

31 1945 214 2030 κοράσιον·
240 1971 310 2018 nam
330 1951 477 2021 ἱιινάσιον
503 1974 567 2022 non
587 1973 645 2038 pro
672 1957 820 2041 ἱιιιιάριον
847 1974 1008 2051 aooopisso
1028 1979 1147 2045 vidntur

34 2048 94 2112 sad
116 2067 184 2131 pro
206 2050 336 2118 inuata
356 2061 389 2118 ut
408 2051 580 2138 γυμνάσιον
600 2075 695 2140 saopo
723 2079 780 2142 pro
808 2070 975 2155 γυμνασία,
1001 2076 1145 2160 quodque

34 2161 135 2212 unum
158 2152 236 2214 novi
255 2152 299 2216 illi
320 2155 421 2217 similo
439 2156 652 2221 monotrioulao
672 2159 703 2222 iu
723 2161 861 2229 Poenulo
883 2169 1062 2248 prodeuntis
1082 2195 1144 2242 no·-

35 2260 109 2309 nron
130 2248 380 2332 Adelphasium,
406 2252 439 2315 id
460 2253 635 2319 deminutivi
656 2258 776 2338 quidam
797 2266 932 2345 spaoiom
958 2287 1066 2350 gerere
1087 2294 1145 2343 noo

36 2347 146 2410 tamon
171 2364 211 2411 ax
232 2342 418 2433 ἀδελφάριον
440 2360 539 2417 ortum
561 2361 645 2435 puto.
693 2354 832 2443 Τάλσιρος
852 2371 883 2429 et
902 2371 1029 2434 ταλασιά
1054 2390 1143 2440 ooln-

37 2458 165 2511 mnnem
188 2451 315 2529 stirpam
337 2450 450 2514 habero
471 2454 603 2534 antiquis
624 2454 704 2521 hand
726 2475 818 2540 aegro
839 2469 1002 2535 assentior.
1028 2473 1143 2540 Loourn

38 2541 177 2629 httioao,
200 2546 252 2610 uhi
273 2549 411 2613 Thasous
431 2544 486 2624 τὰς
505 2545 583 2632 ἀράς
602 2548 782 2638 ἐποιήσατο,
811 2562 993 2632 Plutarchus
1018 2563 1143 2658 Ἀρατή-

38 2661 108 2719 ριον
130 2646 243 2710 vooari
262 2654 409 2711 memorat
427 2648 517 2716 'lhos
532 2668 557 2716 o.
572 2651 701 2720 XXXIV.
716 2658 797 2723 siout
816 2662 876 2726 alia
894 2664 965 2730 lona
986 2665 1141 2754 εὐκτήρια,

38 2739 221 2827 χρηστήρια,
241 2741 404 2830 πρατήρια,
424 2745 609 2834 πωλητήρια,
629 2750 787 2838 μολιτήρια
814 2763 1024 2850 nominantur;
1049 2764 1142 2856 Ἀρη-

38 2835 149 2922 τήσιον
171 2861 257 2927 voro,
280 2845 433 2927 quomodo
455 2846 486 2910 in
506 2849 571 2914 ΕΜ.
593 2853 746 2938 scribitur,
769 2875 829 2940 qua
850 2865 992 2944 analogia
1020 2867 1140 2936 dolendi

40 2943 143 3016 possit
166 2945 285 3011 nascio.
327 2943 389 3008 Sed
408 2942 581 3030 γενινήσιος
601 2956 632 3013 ot
651 2951 822 3038 pausationes
843 2977 942 3042 aequo
970 2969 1041 3045 juro
1068 2979 1140 3035 sunt

41 3041 71 3098 ot
91 3041 179 3120 quod
201 3059 257 3124 par
277 3042 356 3106 hano
378 3045 574 3111 oooasionom
590 3049 698 3116 addam
709 3049 858 3138 ’Ἀργισσα
877 3054 1140 3151 ήνῦν’Άργουρα
1160 3139 1165 3156 ,

42 3134 143 3203 Strab.
174 3140 225 3205 IX.
248 3140 317 3206 440.
339 3141 377 3204 ah
405 3137 499 3223 άρνος
524 3145 673 3214 incertum
701 3169 740 3216 an
771 3156 809 3221 ah
837 3151 939 3240 ἀρνός.
980 3164 1138 3234 Euhoioao

40 3248 113 3299 varo
136 3239 225 3304 urhis
245 3254 357 3303 nomon
378 3239 658 3330 ἀσρίοιιἍρηιοορα
671 3247 956 3338 αι’Ἀργουσαιιιιιιο
971 3267 1136 3332 unomodo
1173 3271 1175 3279 ’

42 3336 179 3407 partho
209 3337 403 3404 scribendum
432 3358 503 3406 assa
531 3349 727 3414 consentiunt
755 3370 782 3417 v.
804 3355 915 3421 Barnh.
945 3360 984 3424 ad
1006 3363 1088 3430 Suid.
1111 3383 1137 3431 s.

42 3427 67 3493 h.
85 3423 235 3498 ’Ἀννισον
261 3444 291 3500 ot
320 3433 443 3522 άνηθον
472 3445 629 3513 oonlundi.
643 3457 735 3513 antea
756 3450 867 3518 dioturn
890 3462 946 3522 ost.
985 3452 1137 3546 Ὀποιιάρ-

42 3544 139 3595 τασον
159 3534 276 3598 Plinius
298 3553 524 3621 opooarpasurn
546 3549 576 3606 ot
597 3563 722 3612 suanum
742 3552 891 3631 carpathii
911 3563 1019 3641 vooat,
1045 3561 1136 3625 insu-

42 3623 157 3712 lamquo
181 3634 368 3713 Καρπασίαν
399 3655 418 3704 a
443 3637 608 3720 Xouagora
629 3640 808 3728 Κάρπαθον
833 3650 944 3718 diotarn
966 3671 1038 3720 esso
1060 3659 1134 3724 Sto-

43 3723 156 3800 phauus
180 3736 319 3798 testatur.
