2768 4994
222 261 293 330 ΜΞ
571 257 895 326 ltlssnttrarlo
924 261 973 328 [ἶ.

223 425 262 494 ad
281 425 409 506 Eutrop.
430 421 481 488 IX.
501 421 531 506 2,
552 421 622 490 647.
650 425 809 490 Λευκασία
836 427 938 492 insula
962 435 994 493 et
1022 428 1190 492 Δειπιοσίπ
1217 447 1250 494 r.
1283 431 1335 495 lu-
1370 370 1374 503 d

222 533 321 610 terpp.
344 523 384 588 ad
403 522 477 602 Lyo.
498 519 568 586 723.
590 522 639 586 eui
660 523 769 588 similis
791 525 972 590 vicissitudo
995 545 1014 591 a
1035 527 1198 608 Stephano
1215 530 1334 594 obser·
1373 528 1377 682 N

221 630 294 690 vau
316 628 365 690 est
382 613 571 704 Ἀναγυροῦς
590 655 632 668 -
649 616 882 706 Ἀναγυράσιος·
902 621 1040 710 ἐζήτηται
1060 622 1093 690 δὲ
1113 629 1184 702 πῶς
1215 625 1281 712 ἔχει
1303 627 1336 692 πὸ

220 733 251 790 ᾱ.
275 719 359 788 Ἔδει
378 713 437 804 γὰρ
459 713 501 796 ὦς
517 713 721 802 Ῥαμνούσιος
742 713 809 784 dtt'
839 717 918 788 ἔοικε
943 719 980 789 τὸ
1002 734 1021 810 p
1043 725 1145 791 miraeo
1166 721 1254 792 εἶναι
1280 753 1335 810 pe·
1375 683 1378 753 ι

218 821 337 906 bedonio
362 820 400 906 τῇ
427 815 567 898 συντάξει
587 819 644 882 τοῦ
665 818 687 882 ο“ι
706 812 749 896 ὥς
769 815 806 885 τὸ
830 824 957 898 Φλυοῦς
980 821 1148 906 wiurimos,
1172 828 1231 891 nbi
1250 829 1335 893 Hol-

221 922 338 990 stenius
358 919 470 1000 probat
492 918 669 984 casauboni
691 923 916 986 eorraotiouem
936 917 972 987 τὸ
993 935 1016 988 e
1035 925 1138 988 αἴτιον
1157 919 1253 990 εἶναι
1279 928 1335 990 l'e

220 1038 287 1086 rum
314 1019 376 1084 hoo
401 1028 423 1082 ῦ
450 1034 513 1082 nun
540 1019 642 1099 potuit
667 1033 763 1084 oausa
784 1037 856 1085 essa
884 1023 1045 1088 mutandae
1066 1025 1211 1108 vocalis,
1231 1041 1336 1106 aqna

217 1119 403 1202 interposito
425 1116 482 1180 rbo
505 1115 664 1182 diremtum
685 1125 750 1200 est;
773 1126 804 1183 et
824 1137 882 1203 pro
904 1115 947 1197 ὡς
966 1117 1071 1186 ιὸ-
1100 1077 1211 1188 eodex’
1236 1123 1382 1229 ltned

219 1221 348 1340 praebet
369 1216 412 1292 εἰς
431 1212 772 1297 erumpentibus,
795 1235 857 1300 quo
880 1220 951 1286 loeo
973 1223 1017 1285 ita
1036 1222 1178 1304 loquitur
1198 1178 1382 1306 sirpeam

219 1313 281 1386 ἀπὸ
310 1317 365 1400 τῆς
395 1316 568 1390 Φλιοῦντος
593 1317 716 1400 γενικῆς
745 1313 928 1396 Φλιούσιος,
953 1322 1136 1408 πλεονασμῷ
1163 1317 1204 1386 δὲ
1233 1324 1295 1386 τοῦ
1317 1334 1337 1382 α·

221 1411 385 1492 Φλιάσιος,
416 1414 589 1494 pleonasmi
615 1418 738 1480 nomine
767 1417 943 1498 significans
965 1419 1047 1484 illam
1068 1419 1107 1484 ad
1130 1421 1234 1501 ulpba
1255 1438 1335 1504 pro-

218 1517 400 1592 clivitatem
428 1528 486 1576 nee
508 1518 610 1578 tamen
631 1516 846 1596 praetermittit
873 1516 1025 1601 duplicem
1046 1519 1199 1598 primitivi
1224 1521 1336 1584 termi-

217 1617 374 1684 nationem
397 1613 514 1686 Φλιοῦς
535 1620 567 1677 et
590 1613 688 1687 ditur
706 1619 740 1678 ut
761 1613 822 1679 alio
843 1614 915 1680 loeo
937 1633 957 1679 a
981 1617 1077 1698 Θρίας
1100 1613 1263 1698 Θριάσιος
1274 1617 1335 1682 du-

218 1719 274 1800 oit,
299 1732 318 1779 a
342 1712 467 1794 Θρυοῦς
490 1707 686 1792 devotiores,
707 1711 852 1794 additque
872 1731 1024 1799 mensem,
1051 1717 1084 1780 in
1110 1733 1174 1797 quo
1209 1718 1336 1780 tructus

215 1819 434 1896 maturescunt,
456 1828 475 1876 a
494 1809 747 1876 Lacedaemoniis
778 1807 924 1894 ptndorov
943 1816 1058 1897 roeari,
1080 1833 1099 1878 a
1119 1815 1226 1878 rerbn
1248 1817 1336 1899 pate

218 1916 360 1994 arbitror,
382 1917 416 1975 tlt
436 1905 589 1993 pluriores
608 1903 672 1992 μήν
692 1909 764 1974 Hae.
786 1929 805 1975 a
831 1908 939 1994 φλύοι,
968 1921 999 1978 et
1030 1909 1190 1999 Φῇεὴσιοιι
1223 1915 1337 1978 πεδίον

215 2012 254 2080 τὸ
283 2005 433 2076 moeson
460 2009 545 2074 Pbot.
575 2026 594 2074 a
622 2003 706 2091 φλέω
734 2004 831 2091 φιιὶος
858 2005 974 2093 elder,
1003 2011 1151 2077 liberiora
1178 2013 1240 2076 illu
1271 2015 1334 2094 via,
1381 2057 1382 2063 ι

218 2129 308 2197 quum
330 2127 426 2192 supra
445 2107 586 2174 indicavi.
630 2108 683 2173 Sio
704 2113 735 2170 et
757 2125 775 2171 a
798 2106 914 2174 Πιελιά
935 2117 966 2175 et
989 2106 1118 2184 Πισιεός
1145 2112 1219 2176 sive
1252 2116 1335 2176 Πτε-

216 2209 289 2280 tede
309 2226 372 2276 non
394 2208 494 2273 solum
517 2202 700 2282 Πτειεάσιος
721 2206 778 2271 sed
799 2215 829 2272 et
853 2204 1054 2284 Πιιιιούσιος
1075 2210 1254 2276 derivatum
1269 2221 1333 2290 est,
1381 2222 1382 2256 t

218 2313 257 2378 ab
277 2305 390 2394 ἥμερος
410 2307 527 2370 Dianae
550 2305 709 2386 epitheton
725 2301 841 2390 Ἡμέρα
861 2315 893 2373 et
910 2302 1093 2390 Ἦμερασίιι,
1122 2327 1142 2372 ιι
1168 2311 1334 2376 substan-

217 2414 281 2477 tivo
305 2403 401 2492 ἡμέρα
428 2404 509 2487 apud
537 2407 730 2486 posteriores
758 2401 941 2490 ἡμερούσιος
963 2417 993 2474 et
1014 2403 1255 2493 ἐφημερούσιος.
1305 2415 1333 2476 Α

215 2510 333 2576 Libano
355 2504 481 2589 φοινίκη
501 2504 675 2586 Λιβανησία
695 2505 828 2570 Hierool.
851 2523 876 2571 e.
896 2508 945 2574 ta
958 2515 991 2572 et
1004 2509 1200 2592 Λιβανοιισία
1216 2511 1333 2592 Steph.
1382 2569 1383 2591 ι

217 2627 243 2675 s.
262 2604 403 2690 Ἔμισσιι.
452 2603 498 2668 De
530 2604 688 2684 gentilicio
719 2599 868 2680 Φιιάσιος
892 2607 1020 2690 iusuper
1047 2609 1107 2672 hoo
1135 2609 1332 2694 addendum,

216 2705 299 2790 quod
320 2704 360 2770 ad
379 2718 553 2768 mensuram
574 2704 717 2784 pertinet,
737 2703 830 2785 alpha
856 2713 965 2770 natura
990 2707 1114 2788 longum
1142 2715 1176 2772 ut
1207 2711 1242 2773 in
1277 2715 1333 2774 Τι-

213 2801 360 2886 θράσισς,
386 2820 405 2868 a
432 2801 554 2866 Cratete
583 2819 632 2882 ap.
652 2802 785 2881 Hesyeir.
812 2803 873 2868 llil.
901 2805 939 2869 de
961 2805 1020 2870 Vir.
1043 2805 1123 2871 doot.
1145 2825 1174 2888 p.
1198 2809 1253 2876 36.
1277 2813 1330 2878 ed.

214 2905 308 2972 orell.
331 2910 361 2968 et
381 2900 565 2967 Dioscorida
585 2901 676 2965 Antb.
697 2902 758 2966 Vll.
780 2903 850 2968 tor.
870 2904 959 2968 metri
979 2904 1096 2968 baretel
1116 2908 1221 2986 gratia
1244 2926 1330 2974 oor-
1382 2895 1383 2900 ’

211 3009 333 3084 raptum
354 3001 457 3065 esse.²
492 2999 559 3077 Quo
581 2998 621 3063 ad
641 3002 780 3080 systolen
800 3010 832 3067 et
852 3003 972 3067 eetasin
993 3004 1186 3068 traduoimur.
1232 3007 1328 3074 idem

212 3103 293 3169 enirn
326 3098 432 3182 alpha,
464 3098 547 3181 quod
574 3100 606 3163 in
634 3096 809 3182 διπλάσιος,
837 3098 1014 3184 τριπλάσιος
1043 3109 1102 3166 eto.
1130 3103 1231 3170 breve
1258 3117 1327 3192 est,

212 3203 305 3268 lones
330 3199 362 3262 in
388 3204 440 3262 ata
464 3204 618 3262 mutarunt
646 3197 805 3282 διπλήσιος
831 3201 979 3266 dieentes.
1032 3201 1092 3265 Pro
1128 3199 1327 3284 Πανύασσις

213 3302 304 3366 Paus.
325 3296 374 3362 iX.
396 3293 425 3360 8.
448 3303 478 3362 et
499 3296 547 3361 29.
569 3297 653 3378 quod
673 3305 723 3363 sat
744 3299 831 3363 multi
852 3298 939 3364 oodd.
961 3299 1120 3383 praebent,
1140 3318 1226 3366 nuno
1251 3308 1325 3370 Πα-

211 3394 321 3472 νύασις
343 3394 455 3461 editum
477 3403 541 3476 est3
568 3397 648 3461 unde
676 3396 844 3461 derivatum
872 3398 1059 3481 sinonem,
1085 3415 1150 3462 non
1178 3411 1323 3490 constat,

211 3516 269 3564 neo
297 3511 459 3562 mensurae
486 3493 633 3558 babemus
657 3501 766 3559 testem
788 3503 911 3577 praeter
930 3498 1081 3562 brienum
1103 3500 1209 3580 quiin
1230 3504 1320 3572 Arat.

208 3596 374 3662 Phaonem.
397 3593 464 3658 175.
492 3593 618 3673 primam
645 3595 794 3674 syllabam
825 3596 984 3680 produxit,
1013 3596 1132 3662 duabus
1154 3617 1236 3681 quae
1259 3621 1320 3668 se-

210 3702 343 3776 quuntur
370 3694 532 3774 correptis
572 3692 723 3774 Κρίμισος
751 3694 832 3775 apud
858 3703 969 3776 poetas
996 3695 1221 3762 luculentiores
1250 3703 1319 3768 iota

209 3793 333 3875 longum
360 3791 469 3875 babet,
495 3789 551 3856 sed
578 3791 657 3856 idern
683 3809 795 3858 nomon
824 3795 856 3857 in
883 3794 985 3860 Noun.
1011 3795 1131 3858 XXXll.
1160 3798 1233 3865 234.
1261 3805 1317 3868 ubi
1381 3829 1382 3838 ι

274 4021 304 4088 2)
332 4015 464 4088 Θριπσεύς
486 4021 513 4072 in
533 4015 584 4074 dne
603 4021 755 4086 pentametri
774 4019 861 4074 Antis
878 4019 934 4077 vll.
961 4022 1019 4079 470.
1038 4023 1180 4082 Jacobsius
1202 4029 1315 4088 Planudi

207 4105 307 4158 auctori
322 4103 420 4186 tribuit.
