2772 4992
215 247 285 316 bns
575 248 898 318 btssbtttatto
919 246 995 314 llll.

221 413 393 498 peregrina,
415 413 597 482 'thessalica
617 417 646 482 si
667 417 746 481 torte
766 413 817 480 rel
832 413 1038 480 hlaoehonioa
1056 415 1239 494 repetitam
1261 433 1330 483 esse

222 527 303 594 quae
325 513 460 579 tortasse
486 517 585 596 signia
612 515 777 596 duplicavit
798 521 831 578 nt
850 513 1022 593 Hesychius
1043 513 1232 587 Μεοσωιος
1252 509 1332 594 μέρος

222 609 298 688 loos.
345 615 467 696 Ίροχοῖν
490 609 745 698 ὴοβλοροριοίων
765 613 875 693 Senes.
901 613 1028 678 Eneonn
1057 609 1146 676 Cala.
1174 630 1211 694 p.
1236 613 1287 678 70.
1306 614 1334 676 b.

224 703 311 788 oleos
330 713 491 796 σταφίδος
516 713 660 796 lllppoer.
683 711 721 776 tle
742 712 840 777 hlorb.
862 710 911 776 lll.
931 710 1001 775 att.
1022 711 1056 772 Τ.
1079 709 1117 774 11.
1142 712 1173 773 si
1197 712 1256 775 vel
1277 729 1336 775 nra·

224 811 306 876 riute
319 813 441 878 sineere
454 813 571 894 scripta
583 813 701 886 sunt,¹³
723 817 822 874 tannen
839 809 963 890 regulae
976 826 1040 873 uon
1052 807 1338 891 obtegantquippe

225 907 316 974 tluota
336 928 355 977 a
377 911 551 977 nominibus
572 927 628 992 per
645 895 715 985 Eo}
735 909 906 974 declinatis.
946 908 1011 972 lanu
1031 905 1070 970 ee
1091 909 1223 972 neutris
1247 931 1339 988 zapa-

224 1009 392 1092 matheo
411 1009 515 1076 sohel.
536 1009 568 1076 ll.
589 1010 637 1076 IV.
661 1009 727 1075 142
748 1006 998 1090 methrae,
1018 1008 1268 1089 παραστιχίδιον
1289 1017 1339 1071 ete.

226 1123 266 1174 ne
293 1125 372 1190 opus
396 1107 515 1190 quiden
538 1115 586 1174 est
608 1108 789 1190 admonere,
821 1114 966 1190 quantum
987 1105 1182 1184 νοτερίδιος
1204 1115 1243 1170 οι
1265 1100 1339 1170 ὑπο

224 1207 376 1288 neubon
394 1205 524 1290 distent,
552 1205 635 1288 quod
656 1223 675 1270 a
695 1206 844 1286 Dionysio
868 1211 1063 1287 usurpatum,
1090 1205 1131 1268 ab
1154 1206 1338 1270 Herodiano

225 1303 445 1386 reprehensum
468 1305 660 1388 suspicabar.
701 1303 798 1380 Quane
819 1307 1028 1384 conjecturam
1055 1303 1083 1366 si
1106 1305 1181 1385 quis
1203 1306 1339 1369 inventis

226 1403 411 1468 certioribus
433 1403 623 1486 ablegaterlt
644 1402 682 1467 atl
700 1395 894 1486 ὑποπτέρους
913 1396 1061 1483 ὀνείρους,
1081 1404 1248 1468 remittam
1272 1405 1340 1468 loe-

228 1503 281 1566 tes
303 1501 413 1568 bbere.

309 1629 339 1698 ς.
360 1623 389 1690 3.
432 1623 517 1701 Quae
537 1624 677 1688 vocalem
699 1624 719 1688 ὄ
740 1623 895 1706 obtinent,
927 1639 1026 1704 panea
1053 1630 1126 1686 suot
1156 1641 1220 1688 neo
1242 1641 1340 1706 para·

226 1735 318 1806 popa,
339 1717 494 1804 σκόροδον
514 1721 597 1803 quod
618 1739 687 1786 cunt
707 1717 868 1804 κρόμμυον
889 1727 1053 1801 cognatum
1073 1721 1218 1800 videtur,
1245 1717 1341 1804 eppe

227 1817 294 1896 ὄιος
315 1821 455 1904 verbale,
477 1828 507 1886 et
535 1822 697 1902 peregrina
724 1816 896 1903 Μερμοὶδας
923 1820 1031 1883 hunus
1059 1819 1161 1884 Strab.
1187 1821 1239 1885 Xl.
1270 1821 1339 1885 504.

225 1911 358 2006 Ὀβόὀρς
378 1919 555 1986 Nabataeus
575 1919 680 2002 steph.
703 1926 761 1985 ete.
802 1920 841 1984 Et
862 1935 942 2000 quae
963 1917 1174 2000 diphthongos
1189 1915 1341 2001 Ὀροοδος

228 2037 257 2086 r.
279 2026 310 2095 ς.
333 2021 361 2086 ’2.
383 2011 484 2102 ἀοιδή,
507 2017 725 2102 Κεφαλοίδιον,
748 2017 997 2097 androupmioum
1028 2016 1218 2099 Πανθοίδης
1247 2019 1337 2097 Diog.

227 2117 262 2184 ll.
289 2117 338 2184 tal
367 2136 405 2182 aa
433 2121 646 2183 eontraetione
673 2123 771 2180 ortum
799 2123 832 2180 ut
863 2113 1064 2195 Περιθοῑδοι,
1096 2122 1135 2177 et.
1156 2118 1339 2198 composita

227 2217 404 2302 χολοοοΐδρς
425 2227 483 2282 οιο.
502 2235 529 2282 a.
552 2215 590 2282 ad
610 2218 721 2282 Buttm.
742 2210 977 2288 hbb'Eeoobos
996 2214 1103 2278 Alcaei
1131 2214 1215 2277 tilius
1245 2216 1337 2278 Paos.

233 2313 412 2402 Πορομούὀρ
440 2319 514 2382 urbs
535 2317 638 2382 lullae
665 2315 783 2380 helian
803 2315 838 2380 H.
859 2317 916 2379 tto.
937 2313 999 2378 llll.
1020 2313 1049 2378 8.
1076 2312 1232 2392 Θαμουδᾶ
1262 2315 1337 2395 (sie)

229 2415 362 2482 arabiae
384 2415 490 2499 steph.
511 2415 664 2498 Altlouibee
683 2414 773 2496 νῆσοι
796 2414 900 2496 steph.
922 2411 1088 2495 elepouiov
1108 2410 1214 2492 silphii
1235 2429 1336 2493 genus
1381 2449 1382 2480 t

230 2513 430 2582 tratactu.
453 2515 512 2580 Vll.
536 2512 710 2595 tanquan
735 2515 974 2596 perispomenon
1001 2512 1088 2576 ebert
1114 2512 1162 2575 Du
1187 2512 1336 2594 cangius,

229 2621 388 2696 postremo
410 2613 592 2696 atljeelirurn
612 2611 773 2692 ambiguae
794 2613 926 2676 helionis
949 2607 1083 2694 θεουδής
1102 2629 1131 2675 v.
1159 2609 1199 2675 ad
1221 2612 1335 2677 Buttm.

229 2711 299 2778 tte.
323 2729 370 2796 sq.
393 2749 433 2760 -
455 2711 583 2794 lpsilon
603 2705 736 2790 κόρυδος
756 2712 822 2774 avis
844 2710 973 2790 galerita
994 2727 1013 2773 a
1033 2704 1137 2790 κόρυς,
1160 2717 1192 2773 et
1209 2708 1337 2793 οημύὸα

229 2809 351 2878 arboris
380 2827 493 2878 nomen
513 2809 610 2874 semel
630 2809 743 2873 lenturn
763 2809 949 2890 ignotaeque
972 2809 1108 2891 originis
1131 2815 1195 2872 tntu
1210 2810 1336 2874 ethnica
1382 2869 1383 2896 ¹

228 2905 384 2994 Μάγοόος
405 2910 479 2976 urbs
499 2907 697 2990 Pamphyliae
718 2926 746 2972 v.
766 2907 891 2972 liohhel.
912 2908 1016 2971 boetr.
1030 2906 1078 2970 lll.
1094 2906 1141 2971 12.
1155 2905 1334 2992 Κολοιμύδη
1381 2979 1383 2998 .

229 3007 341 3076 Cretae
360 3013 459 3076 huon.
482 3007 645 3074 Stadiasnr.
667 3022 697 3088 p.
718 3005 789 3071 tae.
811 3005 858 3071 ed.
882 3004 958 3070 Gail.
980 3003 1100 3084 (omiss.
1122 3008 1155 3069 tu
1173 3007 1245 3078 th.)
1270 3013 1334 3072 Σα-
1381 2999 1383 3044 l

227 3103 359 3192 repelet
380 3106 492 3176 llerotl.
513 3107 563 3170 lll.
585 3104 634 3171 91.
656 3103 716 3168 hoo
736 3105 832 3188 brevi,
848 3113 993 3185 quantum
1009 3120 1046 3167 ex
1062 3111 1194 3168 aeeentu
1210 3123 1334 3188 eogno-

229 3209 336 3288 suitur,
358 3207 524 3293 penultima
545 3211 578 3268 nt
595 3197 737 3286 Ἀμοδοὶν
757 3203 958 3266 hlaeetloniae
977 3202 1051 3266 urbs
1063 3202 1201 3268 Juvenal.
1214 3207 1265 3270 Ill.
1283 3208 1331 3273 69.

230 3303 387 3372 Καλυδών
408 3313 438 3370 et
459 3304 615 3388 proprium
637 3297 810 3384 Κορύδου,
832 3296 1002 3382 Κορυδεύς.
1045 3302 1107 3366 Sed
1135 3304 1332 3372 deminutiris

229 3397 375 3490 ἀφόδων,
396 3397 570 3488 brebem,
592 3397 759 3480 emensae,
781 3397 938 3481 ὁορύόιον,
964 3395 1153 3482 ἐῃχλύδιον,
1176 3400 1330 3485 ἰχθύδιον,

229 3499 399 3587 κροκύδων
427 3509 486 3568 etc.
519 3508 626 3566 nolunt
655 3509 703 3566 est
739 3500 1003 3580 antepenultimam
1038 3499 1162 3579 tongam
1192 3519 1266 3568 esse
1294 3523 1330 3568 ex

231 3603 444 3668 contractione
464 3608 498 3665 ut
524 3599 652 3680 νρίδιον.
695 3600 729 3664 ln
755 3587 839 3674 ὅοῖς
865 3601 1009 3662 exeuntia
1040 3598 1264 3667 Grammaticus
1294 3603 1329 3667 de

230 3701 340 3778 Quart.
362 3701 397 3765 ll.
419 3699 488 3768 aba
510 3699 594 3764 nulla
616 3700 702 3764 affert
725 3698 785 3762 nisi
807 3698 981 3779 composita
1011 3704 1045 3761 ut
1070 3696 1223 3780 μελωδός,
1251 3720 1327 3784 qnae

297 3923 341 3992 tt)
363 3923 413 3991 hp.
431 3923 568 3991 Syneslunu
593 3920 767 3990 llrabiugerus
792 3935 809 3976 e
834 3919 913 3974 codd.
942 3919 1118 3987 compluribus
1139 3927 1258 3993 reposuit
1274 3923 1325 3976 tnr-

227 4006 413 4076 ρλερορωων.
448 4008 477 4061 tu
494 4005 659 4075 llippoeratis
677 4006 737 4060 loeo
754 4004 873 4058 llaelius
893 4018 917 4057 e.
937 4001 1002 4056 ttvt.
1019 4018 1046 4072 p.
1067 4005 1127 4062 295.
1145 4006 1211 4062 nihil
1224 4010 1284 4062 noni
1296 4023 1325 4066 er

227 4090 301 4146 libris
320 4092 445 4158 enotavit,
462 4089 511 4146 sed
529 4089 591 4144 alibi
609 4086 684 4146 οἶνος
699 4086 861 4156 anapaestus
877 4087 979 4142 dieitur.
