<?xml version="1.0" encoding="UTF-8"?>
<!DOCTYPE html PUBLIC "-//W3C//DTD XHTML 1.0 Transitional//EN"
    "http://www.w3.org/TR/xhtml1/DTD/xhtml1-transitional.dtd">
<html xmlns="http://www.w3.org/1999/xhtml" xml:lang="en" lang="en">
 <head>
  <title>
</title>
<meta http-equiv="Content-Type" content="text/html;charset=utf-8" />
  <meta name='ocr-system' content='tesseract 3.04.00' />
  <meta name='ocr-capabilities' content='ocr_page ocr_carea ocr_par ocr_line ocrx_word'/>
</head>
<body>
  <div class='ocr_page' id='page_1' title='image "./pathologiaeserm01lobegoog_0414.png"; bbox 0 0 2768 4994; ppageno 0'>
   <div class='ocr_carea' id='block_1_1' title="bbox 33 288 1155 368">
    <p class='ocr_par' dir='ltr' id='par_1_1' title="bbox 33 288 1155 368">
     <span class='ocr_line' id='line_1_1' title="bbox 33 288 1155 368; baseline 0.001 -13"><span class='ocrx_word' id='word_1_1' title='bbox 33 291 104 355; x_wconf 88' lang='lat' dir='ltr'><strong>DE</strong></span> <span class='ocrx_word' id='word_1_2' title='bbox 136 289 241 355; x_wconf 88' lang='grc' dir='ltr'>ΝΟΜ.</span> <span class='ocrx_word' id='word_1_3' title='bbox 265 288 430 368; x_wconf 83' lang='lat' dir='ltr'>QUORUM</span> <span class='ocrx_word' id='word_1_4' title='bbox 445 290 558 355; x_wconf 77' lang='lat' dir='ltr'><strong>culn.</strong></span> <span class='ocrx_word' id='word_1_5' title='bbox 575 289 651 354; x_wconf 82' lang='lat' dir='ltr'><strong>EST</strong></span> <span class='ocrx_word' id='word_1_6' title='bbox 664 290 871 356; x_wconf 77' lang='lat' dir='ltr'><strong>nultutlts.</strong></span> <span class='ocrx_word' id='word_1_7' title='bbox 895 291 927 357; x_wconf 84' lang='lat' dir='ltr'><strong>C.</strong></span> <span class='ocrx_word' id='word_1_8' title='bbox 940 292 974 356; x_wconf 81' lang='lat' dir='ltr'><strong>V.</strong></span> <span class='ocrx_word' id='word_1_9' title='bbox 989 298 1019 366; x_wconf 68' lang='grc' dir='ltr'><strong>ς.</strong></span> <span class='ocrx_word' id='word_1_10' title='bbox 1028 290 1056 356; x_wconf 83' lang='grc'><strong>2.</strong></span> <span class='ocrx_word' id='word_1_11' title='bbox 1084 289 1155 368; x_wconf 67' lang='grc'><strong>390</strong></span> 
     </span>
    </p>
   </div>
   <div class='ocr_carea' id='block_1_2' title="bbox 15 449 1198 3213">
    <p class='ocr_par' dir='ltr' id='par_1_2' title="bbox 15 449 1198 3213">
     <span class='ocr_line' id='line_1_2' title="bbox 17 449 1155 540; baseline 0.004 -22"><span class='ocrx_word' id='word_1_12' title='bbox 17 453 139 538; x_wconf 79' lang='grc' dir='ltr'><strong><em>νάβλα</em></strong></span> <span class='ocrx_word' id='word_1_13' title='bbox 166 456 236 518; x_wconf 82' lang='lat' dir='ltr'><strong>sive</strong></span> <span class='ocrx_word' id='word_1_14' title='bbox 256 449 374 536; x_wconf 78' lang='grc' dir='ltr'><strong><em>νάβλον</em></strong></span> <span class='ocrx_word' id='word_1_15' title='bbox 394 454 507 520; x_wconf 87' lang='lat' dir='ltr'><strong>dictum</strong></span> <span class='ocrx_word' id='word_1_16' title='bbox 530 472 603 519; x_wconf 88' lang='lat' dir='ltr'><strong>esse</strong></span> <span class='ocrx_word' id='word_1_17' title='bbox 623 451 787 538; x_wconf 69' lang='grc' dir='ltr'><strong><em>νάβλιστον</em></strong></span> <span class='ocrx_word' id='word_1_18' title='bbox 806 473 846 520; x_wconf 81' lang='lat' dir='ltr'><strong>ea</strong></span> <span class='ocrx_word' id='word_1_19' title='bbox 866 457 1039 538; x_wconf 86' lang='lat' dir='ltr'><strong>conposito</strong></span> <span class='ocrx_word' id='word_1_20' title='bbox 1053 459 1155 540; x_wconf 78' lang='grc' dir='ltr'><strong><em>ναβλι-</em></strong></span> 
     </span>
     <span class='ocr_line' id='line_1_3' title="bbox 16 548 1154 639; baseline 0.003 -20"><span class='ocrx_word' id='word_1_21' title='bbox 16 548 226 636; x_wconf 77' lang='grc' dir='ltr'><strong><em>ικοκτυπής</em></strong></span> <span class='ocrx_word' id='word_1_22' title='bbox 253 553 386 618; x_wconf 85' lang='lat' dir='ltr'><strong>Maneth.</strong></span> <span class='ocrx_word' id='word_1_23' title='bbox 415 554 462 618; x_wconf 87' lang='lat' dir='ltr'><strong>lv.</strong></span> <span class='ocrx_word' id='word_1_24' title='bbox 487 553 555 620; x_wconf 84' lang='lat'><strong>185.</strong></span> <span class='ocrx_word' id='word_1_25' title='bbox 577 556 730 638; x_wconf 84' lang='lat' dir='ltr'><strong>sequitur,</strong></span> <span class='ocrx_word' id='word_1_26' title='bbox 759 553 908 618; x_wconf 80' lang='lat' dir='ltr'><strong>sedeunt</strong></span> <span class='ocrx_word' id='word_1_27' title='bbox 938 557 990 636; x_wconf 84' lang='lat' dir='ltr'><strong>qui</strong></span> <span class='ocrx_word' id='word_1_28' title='bbox 1013 558 1154 639; x_wconf 77' lang='grc' dir='ltr'><strong><em>ναβλειο-</em></strong></span> 
     </span>
     <span class='ocr_line' id='line_1_4' title="bbox 16 649 1154 740; baseline 0.004 -22"><span class='ocrx_word' id='word_1_29' title='bbox 16 649 161 737; x_wconf 76' lang='grc' dir='ltr'><strong><em>κτυπής</em></strong></span> <span class='ocrx_word' id='word_1_30' title='bbox 194 653 389 718; x_wconf 88' lang='lat' dir='ltr'><strong>scribendum</strong></span> <span class='ocrx_word' id='word_1_31' title='bbox 416 660 532 733; x_wconf 86' lang='lat' dir='ltr'><strong>putent.</strong></span> <span class='ocrx_word' id='word_1_32' title='bbox 580 655 695 736; x_wconf 69' lang='grc' dir='ltr'><strong><em>Δολίχῃ</em></strong></span> <span class='ocrx_word' id='word_1_33' title='bbox 725 653 827 717; x_wconf 86' lang='lat' dir='ltr'><strong>insula</strong></span> <span class='ocrx_word' id='word_1_34' title='bbox 853 651 959 716; x_wconf 85' lang='lat' dir='ltr'><strong>endem</strong></span> <span class='ocrx_word' id='word_1_35' title='bbox 990 657 1154 740; x_wconf 74' lang='lat' dir='ltr'><strong>Actrpiccp</strong></span> 
     </span>
     <span class='ocr_line' id='line_1_5' title="bbox 16 753 1154 834; baseline 0.001 -15"><span class='ocrx_word' id='word_1_36' title='bbox 16 763 156 819; x_wconf 80' lang='lat' dir='ltr'><strong>uocata</strong></span> <span class='ocrx_word' id='word_1_37' title='bbox 184 759 232 817; x_wconf 91' lang='lat' dir='ltr'><strong>est</strong></span> <span class='ocrx_word' id='word_1_38' title='bbox 254 753 360 834; x_wconf 88' lang='lat' dir='ltr'><strong>Steph.</strong></span> <span class='ocrx_word' id='word_1_39' title='bbox 389 753 445 818; x_wconf 84' lang='lat' dir='ltr'><strong>sel</strong></span> <span class='ocrx_word' id='word_1_40' title='bbox 474 755 610 816; x_wconf 84' lang='lat' dir='ltr'><strong>tortasse</strong></span> <span class='ocrx_word' id='word_1_41' title='bbox 639 754 862 816; x_wconf 75' lang='lat' dir='ltr'><strong>intercurrente</strong></span> <span class='ocrx_word' id='word_1_42' title='bbox 890 755 1038 820; x_wconf 82' lang='lat' dir='ltr'><strong>memoria</strong></span> <span class='ocrx_word' id='word_1_43' title='bbox 1063 756 1154 822; x_wconf 85' lang='lat' dir='ltr'><strong>insu-</strong></span> 
     </span>
     <span class='ocr_line' id='line_1_6' title="bbox 16 852 1151 937; baseline 0 -19"><span class='ocrx_word' id='word_1_44' title='bbox 16 857 156 937; x_wconf 87' lang='lat' dir='ltr'><strong>larum,</strong></span> <span class='ocrx_word' id='word_1_45' title='bbox 191 869 319 934; x_wconf 81' lang='lat' dir='ltr'><strong>quarunt</strong></span> <span class='ocrx_word' id='word_1_46' title='bbox 346 853 470 916; x_wconf 85' lang='lat' dir='ltr'><strong>nomina</strong></span> <span class='ocrx_word' id='word_1_47' title='bbox 497 867 570 914; x_wconf 89' lang='lat' dir='ltr'><strong>vere</strong></span> <span class='ocrx_word' id='word_1_48' title='bbox 605 852 793 933; x_wconf 86' lang='lat' dir='ltr'><strong>superlativa</strong></span> <span class='ocrx_word' id='word_1_49' title='bbox 829 858 901 916; x_wconf 85' lang='lat' dir='ltr'><strong>sunt</strong></span> <span class='ocrx_word' id='word_1_50' title='bbox 936 858 969 916; x_wconf 93' lang='lat' dir='ltr'><strong>nt</strong></span> <span class='ocrx_word' id='word_1_51' title='bbox 1001 853 1151 937; x_wconf 72' lang='grc' dir='ltr'><em>Μεγίστη,</em></span> 
     </span>
     <span class='ocr_line' id='line_1_7' title="bbox 16 945 1154 1035; baseline 0.002 -17"><span class='ocrx_word' id='word_1_52' title='bbox 16 954 205 1035; x_wconf 61' lang='grc' dir='ltr'><em>Καλλίστη</em></span> <span class='ocrx_word' id='word_1_53' title='bbox 227 959 285 1015; x_wconf 89' lang='lat' dir='ltr'><strong>etc.</strong></span> <span class='ocrx_word' id='word_1_54' title='bbox 314 952 355 1015; x_wconf 80' lang='lat' dir='ltr'><strong>nt</strong></span> <span class='ocrx_word' id='word_1_55' title='bbox 382 945 579 1032; x_wconf 80' lang='grc' dir='ltr'><strong><em>τετρώρισιος</em></strong></span> <span class='ocrx_word' id='word_1_56' title='bbox 607 951 640 1013; x_wconf 92' lang='lat' dir='ltr'><strong>in</strong></span> <span class='ocrx_word' id='word_1_57' title='bbox 664 950 774 1015; x_wconf 87' lang='lat' dir='ltr'><strong>Parati.</strong></span> <span class='ocrx_word' id='word_1_58' title='bbox 795 950 864 1016; x_wconf 79' lang='lat'>268.</span> <span class='ocrx_word' id='word_1_59' title='bbox 892 967 956 1014; x_wconf 89' lang='lat' dir='ltr'><strong>non</strong></span> <span class='ocrx_word' id='word_1_60' title='bbox 977 950 1154 1020; x_wconf 68' lang='lat' dir='ltr'><strong>dubitarit</strong></span> 
     </span>
     <span class='ocr_line' id='line_1_8' title="bbox 15 1049 1151 1134; baseline 0.004 -18"><span class='ocrx_word' id='word_1_61' title='bbox 15 1049 198 1134; x_wconf 76' lang='grc' dir='ltr'><strong><em>νέκρωρος</em></strong></span> <span class='ocrx_word' id='word_1_62' title='bbox 217 1054 359 1130; x_wconf 84' lang='lat' dir='ltr'><strong>repetere</strong></span> <span class='ocrx_word' id='word_1_63' title='bbox 381 1055 524 1130; x_wconf 86' lang='lat' dir='ltr'><strong>tanquan</strong></span> <span class='ocrx_word' id='word_1_64' title='bbox 545 1066 734 1132; x_wconf 77' lang='lat' dir='ltr'><strong>paragogen</strong></span> <span class='ocrx_word' id='word_1_65' title='bbox 756 1065 814 1114; x_wconf 87' lang='lat' dir='ltr'><strong>nee</strong></span> <span class='ocrx_word' id='word_1_66' title='bbox 835 1049 986 1114; x_wconf 86' lang='lat' dir='ltr'><strong>dissentio</strong></span> <span class='ocrx_word' id='word_1_67' title='bbox 1009 1067 1027 1113; x_wconf 89' lang='lat' dir='ltr'><strong>a</strong></span> <span class='ocrx_word' id='word_1_68' title='bbox 1048 1051 1151 1120; x_wconf 79' lang='lat' dir='ltr'><strong>schol</strong></span> 
     </span>
     <span class='ocr_line' id='line_1_9' title="bbox 15 1140 1152 1232; baseline -0.004 -16"><span class='ocrx_word' id='word_1_69' title='bbox 15 1154 184 1216; x_wconf 84' lang='lat' dir='ltr'><strong>Phoenn.</strong></span> <span class='ocrx_word' id='word_1_70' title='bbox 208 1149 295 1216; x_wconf 83' lang='grc'>1151.</span> <span class='ocrx_word' id='word_1_71' title='bbox 316 1144 502 1230; x_wconf 77' lang='grc' dir='ltr'><strong><em>κυβιστητὴρ</em></strong></span> <span class='ocrx_word' id='word_1_72' title='bbox 523 1140 585 1210; x_wconf 75' lang='grc' dir='ltr'><strong>ἀπὸ</strong></span> <span class='ocrx_word' id='word_1_73' title='bbox 606 1149 663 1212; x_wconf 86' lang='grc' dir='ltr'><strong>τοῦ</strong></span> <span class='ocrx_word' id='word_1_74' title='bbox 690 1144 770 1232; x_wconf 65' lang='lat' dir='ltr'><strong>antip</strong></span> <span class='ocrx_word' id='word_1_75' title='bbox 796 1142 817 1230; x_wconf 83' lang='grc' dir='ltr'><em>ἡ</em></span> <span class='ocrx_word' id='word_1_76' title='bbox 843 1143 973 1230; x_wconf 65' lang='lat' dir='ltr'><strong>uspulai.</strong></span> <span class='ocrx_word' id='word_1_77' title='bbox 1014 1149 1100 1218; x_wconf 76' lang='lat' dir='ltr'><strong>Nant-</strong></span> <span class='ocrx_word' id='word_1_78' title='bbox 1119 1159 1152 1222; x_wconf 80' lang='lat' dir='ltr'><strong>ut</strong></span> 
     </span>
     <span class='ocr_line' id='line_1_10' title="bbox 19 1241 1198 1330; baseline 0.002 -16"><span class='ocrx_word' id='word_1_79' title='bbox 19 1269 40 1313; x_wconf 86' lang='lat' dir='ltr'><strong>a</strong></span> <span class='ocrx_word' id='word_1_80' title='bbox 73 1264 269 1330; x_wconf 78' lang='lat' dir='ltr'><strong>synonymo</strong></span> <span class='ocrx_word' id='word_1_81' title='bbox 296 1241 528 1325; x_wconf 68' lang='lat' dir='ltr'><strong>peparethum</strong></span> <span class='ocrx_word' id='word_1_82' title='bbox 554 1245 695 1327; x_wconf 82' lang='grc' dir='ltr'><strong><em>κρανίξαι</em></strong></span> <span class='ocrx_word' id='word_1_83' title='bbox 724 1247 949 1330; x_wconf 83' lang='lat' dir='ltr'><strong>proficiscitur,</strong></span> <span class='ocrx_word' id='word_1_84' title='bbox 976 1246 1070 1328; x_wconf 86' lang='lat' dir='ltr'><strong>quod·</strong></span> <span class='ocrx_word' id='word_1_85' title='bbox 1086 1248 1152 1315; x_wconf 61' lang='lat' dir='ltr'><strong>Hae</strong></span> <span class='ocrx_word' id='word_1_86' title='bbox 1195 1288 1198 1294; x_wconf 92' lang='lat'>·</span> 
     </span>
     <span class='ocr_line' id='line_1_11' title="bbox 19 1347 1152 1429; baseline 0.001 -16"><span class='ocrx_word' id='word_1_87' title='bbox 19 1349 173 1428; x_wconf 75' lang='lat' dir='ltr'><strong>sychius</strong></span> <span class='ocrx_word' id='word_1_88' title='bbox 195 1348 416 1426; x_wconf 87' lang='lat' dir='ltr'><strong>interpretatur</strong></span> <span class='ocrx_word' id='word_1_89' title='bbox 436 1347 631 1429; x_wconf 79' lang='grc' dir='ltr'><em>κυβιστῆσαι,</em></span> <span class='ocrx_word' id='word_1_90' title='bbox 659 1349 704 1410; x_wconf 89' lang='lat' dir='ltr'><strong>ita</strong></span> <span class='ocrx_word' id='word_1_91' title='bbox 733 1362 812 1428; x_wconf 87' lang='lat' dir='ltr'><strong>quae</strong></span> <span class='ocrx_word' id='word_1_92' title='bbox 840 1351 1007 1428; x_wconf 86' lang='lat' dir='ltr'><strong>conjuncta</strong></span> <span class='ocrx_word' id='word_1_93' title='bbox 1027 1354 1105 1414; x_wconf 89' lang='lat' dir='ltr'><strong>sunt</strong></span> <span class='ocrx_word' id='word_1_94' title='bbox 1119 1351 1152 1414; x_wconf 86' lang='lat' dir='ltr'><strong>ia</strong></span> 
     </span>
     <span class='ocr_line' id='line_1_12' title="bbox 24 1441 1152 1529; baseline 0.002 -20"><span class='ocrx_word' id='word_1_95' title='bbox 24 1444 229 1510; x_wconf 83' lang='lat' dir='ltr'><strong>Callimachi</strong></span> <span class='ocrx_word' id='word_1_96' title='bbox 256 1461 349 1506; x_wconf 86' lang='lat' dir='ltr'><strong>versu</strong></span> <span class='ocrx_word' id='word_1_97' title='bbox 377 1444 474 1510; x_wconf 74' lang='lat' dir='ltr'><strong>(Iram.</strong></span> <span class='ocrx_word' id='word_1_98' title='bbox 502 1446 550 1511; x_wconf 86' lang='lat' dir='ltr'><strong>lv.</strong></span> <span class='ocrx_word' id='word_1_99' title='bbox 578 1445 647 1512; x_wconf 84' lang='grc'><strong>399.</strong></span> <span class='ocrx_word' id='word_1_100' title='bbox 675 1441 717 1529; x_wconf 80' lang='grc' dir='ltr'><strong>μὴ</strong></span> <span class='ocrx_word' id='word_1_101' title='bbox 745 1445 892 1528; x_wconf 79' lang='grc' dir='ltr'><strong>κυβισιῇς</strong></span> <span class='ocrx_word' id='word_1_102' title='bbox 918 1441 1088 1528; x_wconf 79' lang='grc' dir='ltr'><strong><em>κύμβαχος,</em></strong></span> <span class='ocrx_word' id='word_1_103' title='bbox 1120 1455 1152 1516; x_wconf 87' lang='lat' dir='ltr'><strong>ct</strong></span> 
     </span>
     <span class='ocr_line' id='line_1_13' title="bbox 22 1544 1150 1631; baseline 0.005 -23"><span class='ocrx_word' id='word_1_104' title='bbox 22 1547 115 1608; x_wconf 87' lang='lat' dir='ltr'><strong>inter</strong></span> <span class='ocrx_word' id='word_1_105' title='bbox 142 1559 186 1608; x_wconf 89' lang='lat' dir='ltr'><strong>se</strong></span> <span class='ocrx_word' id='word_1_106' title='bbox 210 1548 240 1606; x_wconf 91' lang='lat' dir='ltr'><strong>et</strong></span> <span class='ocrx_word' id='word_1_107' title='bbox 264 1558 331 1606; x_wconf 84' lang='lat' dir='ltr'><strong>cunr</strong></span> <span class='ocrx_word' id='word_1_108' title='bbox 354 1545 464 1630; x_wconf 76' lang='grc' dir='ltr'><strong><em>Ροβᾷν</em></strong></span> <span class='ocrx_word' id='word_1_109' title='bbox 484 1545 729 1631; x_wconf 76' lang='grc' dir='ltr'><em>κσλσμβᾷνΗσε.</em></span> <span class='ocrx_word' id='word_1_110' title='bbox 744 1544 943 1610; x_wconf 84' lang='lat' dir='ltr'><strong>cohaerent.⁵</strong></span> <span class='ocrx_word' id='word_1_111' title='bbox 985 1544 1150 1614; x_wconf 78' lang='lat' dir='ltr'><strong>sedullus</strong></span> 
     </span>
     <span class='ocr_line' id='line_1_14' title="bbox 27 1642 1151 1725; baseline 0.008 -19"><span class='ocrx_word' id='word_1_112' title='bbox 27 1661 81 1707; x_wconf 80' lang='lat' dir='ltr'><strong>nne</strong></span> <span class='ocrx_word' id='word_1_113' title='bbox 109 1662 131 1707; x_wconf 87' lang='lat' dir='ltr'><strong>a</strong></span> <span class='ocrx_word' id='word_1_114' title='bbox 156 1643 214 1704; x_wconf 89' lang='lat' dir='ltr'><strong>via</strong></span> <span class='ocrx_word' id='word_1_115' title='bbox 233 1643 265 1705; x_wconf 91' lang='lat' dir='ltr'><strong>in</strong></span> <span class='ocrx_word' id='word_1_116' title='bbox 286 1643 425 1706; x_wconf 87' lang='lat' dir='ltr'><strong>semitam</strong></span> <span class='ocrx_word' id='word_1_117' title='bbox 447 1642 664 1722; x_wconf 85' lang='lat' dir='ltr'><strong>descendisse;</strong></span> <span class='ocrx_word' id='word_1_118' title='bbox 693 1659 763 1706; x_wconf 80' lang='lat' dir='ltr'><strong>nant</strong></span> <span class='ocrx_word' id='word_1_119' title='bbox 793 1646 989 1725; x_wconf 85' lang='lat' dir='ltr'><strong>propositum</strong></span> <span class='ocrx_word' id='word_1_120' title='bbox 1017 1653 1084 1712; x_wconf 83' lang='lat' dir='ltr'><strong>erat</strong></span> <span class='ocrx_word' id='word_1_121' title='bbox 1112 1646 1151 1716; x_wconf 79' lang='lat' dir='ltr'><strong>dt</strong></span> 
     </span>
     <span class='ocr_line' id='line_1_15' title="bbox 27 1739 1152 1822; baseline 0.002 -16"><span class='ocrx_word' id='word_1_122' title='bbox 27 1744 139 1822; x_wconf 83' lang='lat' dir='ltr'><strong>sigma</strong></span> <span class='ocrx_word' id='word_1_123' title='bbox 163 1741 275 1805; x_wconf 86' lang='lat' dir='ltr'><strong>mobili</strong></span> <span class='ocrx_word' id='word_1_124' title='bbox 295 1739 414 1819; x_wconf 86' lang='lat' dir='ltr'><strong>dicere,</strong></span> <span class='ocrx_word' id='word_1_125' title='bbox 442 1746 530 1821; x_wconf 72' lang='lat' dir='ltr'><strong>euius</strong></span> <span class='ocrx_word' id='word_1_126' title='bbox 559 1742 661 1806; x_wconf 88' lang='lat' dir='ltr'><strong>locum</strong></span> <span class='ocrx_word' id='word_1_127' title='bbox 689 1740 839 1806; x_wconf 87' lang='lat' dir='ltr'><strong>interdurn</strong></span> <span class='ocrx_word' id='word_1_128' title='bbox 868 1743 986 1809; x_wconf 88' lang='lat' dir='ltr'><strong>obtinet</strong></span> <span class='ocrx_word' id='word_1_129' title='bbox 1006 1743 1074 1808; x_wconf 88' lang='lat' dir='ltr'><strong>icta</strong></span> <span class='ocrx_word' id='word_1_130' title='bbox 1093 1761 1152 1810; x_wconf 77' lang='lat' dir='ltr'><strong>cx-</strong></span> 
     </span>
     <span class='ocr_line' id='line_1_16' title="bbox 32 1831 1150 1926; baseline 0.006 -23"><span class='ocrx_word' id='word_1_131' title='bbox 32 1841 215 1922; x_wconf 81' lang='lat' dir='ltr'><strong>pletivnnn3</strong></span> <span class='ocrx_word' id='word_1_132' title='bbox 232 1833 363 1920; x_wconf 78' lang='grc' dir='ltr'><strong><em>Ὀνείιης</em></strong></span> <span class='ocrx_word' id='word_1_133' title='bbox 381 1839 461 1904; x_wconf 80' lang='lat' dir='ltr'><strong>idem</strong></span> <span class='ocrx_word' id='word_1_134' title='bbox 474 1841 595 1905; x_wconf 86' lang='lat' dir='ltr'><strong>videtur</strong></span> <span class='ocrx_word' id='word_1_135' title='bbox 616 1847 709 1921; x_wconf 85' lang='lat' dir='ltr'><strong>atque</strong></span> <span class='ocrx_word' id='word_1_136' title='bbox 726 1831 871 1923; x_wconf 81' lang='grc' dir='ltr'><em>Ὀνέστης</em></span> <span class='ocrx_word' id='word_1_137' title='bbox 888 1849 918 1906; x_wconf 92' lang='lat' dir='ltr'><strong>et</strong></span> <span class='ocrx_word' id='word_1_138' title='bbox 935 1841 1150 1926; x_wconf 71' lang='lat' dir='ltr'><strong>Callimachus,</strong></span> 
     </span>
     <span class='ocr_line' id='line_1_17' title="bbox 30 1932 1150 2022; baseline 0.005 -20"><span class='ocrx_word' id='word_1_139' title='bbox 30 1946 66 2002; x_wconf 93' lang='lat' dir='ltr'><strong>ut</strong></span> <span class='ocrx_word' id='word_1_140' title='bbox 89 1939 298 2020; x_wconf 85' lang='lat' dir='ltr'><strong>suspicabar,</strong></span> <span class='ocrx_word' id='word_1_141' title='bbox 320 1933 438 2020; x_wconf 79' lang='grc' dir='ltr'><strong><em>ἅλείτης</em></strong></span> <span class='ocrx_word' id='word_1_142' title='bbox 459 1941 584 2021; x_wconf 84' lang='lat' dir='ltr'><strong>scripsit</strong></span> <span class='ocrx_word' id='word_1_143' title='bbox 606 1957 663 2020; x_wconf 85' lang='lat' dir='ltr'><strong>pre</strong></span> <span class='ocrx_word' id='word_1_144' title='bbox 686 1932 810 2021; x_wconf 73' lang='grc' dir='ltr'><strong>ιἰλεσκής</strong></span> <span class='ocrx_word' id='word_1_145' title='bbox 831 1941 898 2004; x_wconf 87' lang='lat' dir='ltr'><strong>sive</strong></span> <span class='ocrx_word' id='word_1_146' title='bbox 918 1932 1032 2022; x_wconf 76' lang='grc' dir='ltr'><strong><em>ἀλὲνης.</em></strong></span> <span class='ocrx_word' id='word_1_147' title='bbox 1068 1944 1150 2008; x_wconf 74' lang='lat' dir='ltr'><strong>Ante</strong></span> 
     </span>
     <span class='ocr_line' id='line_1_18' title="bbox 35 2034 1152 2121; baseline 0.003 -20"><span class='ocrx_word' id='word_1_148' title='bbox 35 2036 124 2101; x_wconf 87' lang='lat' dir='ltr'><strong>delta</strong></span> <span class='ocrx_word' id='word_1_149' title='bbox 148 2044 184 2101; x_wconf 90' lang='lat' dir='ltr'><strong>et</strong></span> <span class='ocrx_word' id='word_1_150' title='bbox 207 2037 288 2100; x_wconf 87' lang='lat' dir='ltr'><strong>theta</strong></span> <span class='ocrx_word' id='word_1_151' title='bbox 309 2036 470 2102; x_wconf 61' lang='lat' dir='ltr'><strong>literana]</strong></span> <span class='ocrx_word' id='word_1_152' title='bbox 495 2041 650 2121; x_wconf 86' lang='lat' dir='ltr'><strong>interponi</strong></span> <span class='ocrx_word' id='word_1_153' title='bbox 677 2039 818 2119; x_wconf 86' lang='lat' dir='ltr'><strong>exemplu</strong></span> <span class='ocrx_word' id='word_1_154' title='bbox 844 2036 915 2102; x_wconf 82' lang='lat' dir='ltr'><strong>suut&#39;</strong></span> <span class='ocrx_word' id='word_1_155' title='bbox 941 2034 1091 2121; x_wconf 78' lang='grc' dir='ltr'><strong><em>χοιμάνδις</em></strong></span> <span class='ocrx_word' id='word_1_156' title='bbox 1118 2047 1152 2106; x_wconf 90' lang='lat' dir='ltr'><strong>ut</strong></span> 
     </span>
     <span class='ocr_line' id='line_1_19' title="bbox 34 2132 1152 2222; baseline 0.004 -22"><span class='ocrx_word' id='word_1_157' title='bbox 34 2138 143 2200; x_wconf 89' lang='lat' dir='ltr'><strong>Dores</strong></span> <span class='ocrx_word' id='word_1_158' title='bbox 169 2135 315 2200; x_wconf 82' lang='lat' dir='ltr'><strong>dixerunt</strong></span> <span class='ocrx_word' id='word_1_159' title='bbox 336 2153 392 2218; x_wconf 88' lang='lat' dir='ltr'><strong>pro</strong></span> <span class='ocrx_word' id='word_1_160' title='bbox 413 2132 543 2218; x_wconf 74' lang='grc' dir='ltr'><strong><em>χαμάδις</em></strong></span> <span class='ocrx_word' id='word_1_161' title='bbox 562 2157 589 2203; x_wconf 83' lang='lat' dir='ltr'><strong>u.</strong></span> <span class='ocrx_word' id='word_1_162' title='bbox 618 2137 729 2202; x_wconf 84' lang='lat' dir='ltr'><strong>Perall.</strong></span> <span class='ocrx_word' id='word_1_163' title='bbox 762 2138 854 2204; x_wconf 68' lang='lat'><strong>154⁶</strong></span> <span class='ocrx_word' id='word_1_164' title='bbox 879 2134 1021 2220; x_wconf 78' lang='grc' dir='ltr'><strong><em>κύμινδις</em></strong></span> <span class='ocrx_word' id='word_1_165' title='bbox 1047 2141 1092 2222; x_wconf 87' lang='lat' dir='ltr'><strong>si,</strong></span> <span class='ocrx_word' id='word_1_166' title='bbox 1119 2148 1152 2204; x_wconf 92' lang='lat' dir='ltr'><strong>ut</strong></span> 
     </span>
     <span class='ocr_line' id='line_1_20' title="bbox 37 2231 1153 2320; baseline 0.008 -24"><span class='ocrx_word' id='word_1_167' title='bbox 37 2243 168 2300; x_wconf 86' lang='lat' dir='ltr'><strong>veteres</strong></span> <span class='ocrx_word' id='word_1_168' title='bbox 193 2233 327 2318; x_wconf 87' lang='lat' dir='ltr'><strong>tradunt,</strong></span> <span class='ocrx_word' id='word_1_169' title='bbox 349 2234 455 2301; x_wconf 88' lang='lat' dir='ltr'><strong>eadem</strong></span> <span class='ocrx_word' id='word_1_170' title='bbox 477 2237 544 2300; x_wconf 86' lang='lat' dir='ltr'><strong>auis</strong></span> <span class='ocrx_word' id='word_1_171' title='bbox 565 2244 613 2300; x_wconf 83' lang='lat' dir='ltr'><strong>est</strong></span> <span class='ocrx_word' id='word_1_172' title='bbox 633 2238 771 2320; x_wconf 83' lang='grc' dir='ltr'><strong><em>κιιιυμίς,</em></strong></span> <span class='ocrx_word' id='word_1_173' title='bbox 799 2231 907 2318; x_wconf 67' lang='lat' dir='ltr'><strong>epicla</strong></span> <span class='ocrx_word' id='word_1_174' title='bbox 931 2235 973 2320; x_wconf 83' lang='grc' dir='ltr'><strong>ἣν</strong></span> <span class='ocrx_word' id='word_1_175' title='bbox 993 2237 1024 2304; x_wconf 82' lang='grc' dir='ltr'><strong>οἱ</strong></span> <span class='ocrx_word' id='word_1_176' title='bbox 1043 2236 1153 2305; x_wconf 75' lang='grc' dir='ltr'><strong><em>πολλοὶ</em></strong></span> 
     </span>
     <span class='ocr_line' id='line_1_21' title="bbox 37 2327 1151 2418; baseline 0.011 -24"><span class='ocrx_word' id='word_1_177' title='bbox 37 2327 160 2411; x_wconf 78' lang='grc' dir='ltr'><strong><em>ὄρυζαν</em></strong></span> <span class='ocrx_word' id='word_1_178' title='bbox 183 2334 315 2396; x_wconf 77' lang='grc' dir='ltr'><strong><em>καλοῦσι</em></strong></span> <span class='ocrx_word' id='word_1_179' title='bbox 334 2334 444 2414; x_wconf 79' lang='lat' dir='ltr'><strong>Phryn.</strong></span> <span class='ocrx_word' id='word_1_180' title='bbox 467 2339 546 2417; x_wconf 81' lang='lat' dir='ltr'><strong>App.</strong></span> <span class='ocrx_word' id='word_1_181' title='bbox 573 2335 622 2399; x_wconf 86' lang='grc'><strong>54.</strong></span> <span class='ocrx_word' id='word_1_182' title='bbox 658 2334 703 2398; x_wconf 89' lang='lat' dir='ltr'><strong>lta</strong></span> <span class='ocrx_word' id='word_1_183' title='bbox 730 2338 912 2418; x_wconf 88' lang='lat' dir='ltr'><strong>Spitznerns</strong></span> <span class='ocrx_word' id='word_1_184' title='bbox 932 2337 1061 2406; x_wconf 83' lang='lat' dir='ltr'><strong>observ.</strong></span> <span class='ocrx_word' id='word_1_185' title='bbox 1081 2338 1151 2406; x_wconf 81' lang='lat'><strong>256.</strong></span> 
     </span>
     <span class='ocr_line' id='line_1_22' title="bbox 43 2427 1151 2517; baseline 0.007 -23"><span class='ocrx_word' id='word_1_186' title='bbox 43 2427 230 2506; x_wconf 79' lang='grc' dir='ltr'><strong><em>Πολύινδος</em></strong></span> <span class='ocrx_word' id='word_1_187' title='bbox 257 2432 337 2513; x_wconf 86' lang='lat' dir='ltr'><strong>apud</strong></span> <span class='ocrx_word' id='word_1_188' title='bbox 372 2432 514 2509; x_wconf 83' lang='lat' dir='ltr'><strong>Quintum</strong></span> <span class='ocrx_word' id='word_1_189' title='bbox 547 2436 660 2517; x_wconf 91' lang='lat' dir='ltr'><strong>accipit</strong></span> <span class='ocrx_word' id='word_1_190' title='bbox 694 2452 750 2515; x_wconf 91' lang='lat' dir='ltr'><strong>pro</strong></span> <span class='ocrx_word' id='word_1_191' title='bbox 788 2436 945 2500; x_wconf 86' lang='lat' dir='ltr'><strong>homerico</strong></span> <span class='ocrx_word' id='word_1_192' title='bbox 983 2433 1151 2516; x_wconf 68' lang='lat' dir='ltr'><strong>Heluetiae,</strong></span> 
     </span>
     <span class='ocr_line' id='line_1_23' title="bbox 40 2530 1151 2611; baseline 0.009 -19"><span class='ocrx_word' id='word_1_193' title='bbox 40 2532 126 2611; x_wconf 87' lang='lat' dir='ltr'><strong>quod</strong></span> <span class='ocrx_word' id='word_1_194' title='bbox 148 2532 283 2596; x_wconf 84' lang='lat' dir='ltr'><strong>Wolfius</strong></span> <span class='ocrx_word' id='word_1_195' title='bbox 303 2549 367 2594; x_wconf 91' lang='lat' dir='ltr'><strong>non</strong></span> <span class='ocrx_word' id='word_1_196' title='bbox 388 2551 483 2597; x_wconf 92' lang='lat' dir='ltr'><strong>ausus</strong></span> <span class='ocrx_word' id='word_1_197' title='bbox 506 2535 606 2598; x_wconf 90' lang='lat' dir='ltr'><strong>estin</strong></span> <span class='ocrx_word' id='word_1_198' title='bbox 629 2530 800 2609; x_wconf 78' lang='grc' dir='ltr'><strong><em>Πολύειὸος</em></strong></span> <span class='ocrx_word' id='word_1_199' title='bbox 820 2543 949 2601; x_wconf 87' lang='lat' dir='ltr'><strong>uertere.</strong></span> <span class='ocrx_word' id='word_1_200' title='bbox 988 2535 1151 2602; x_wconf 84' lang='lat' dir='ltr'><strong>Postremo</strong></span> 
     </span>
     <span class='ocr_line' id='line_1_24' title="bbox 42 2621 1150 2720; baseline 0.01 -30"><span class='ocrx_word' id='word_1_201' title='bbox 42 2631 213 2695; x_wconf 86' lang='lat' dir='ltr'><strong>verborum</strong></span> <span class='ocrx_word' id='word_1_202' title='bbox 235 2625 350 2695; x_wconf 72' lang='grc' dir='ltr'><strong><em>ἁλίνὸω</em></strong></span> <span class='ocrx_word' id='word_1_203' title='bbox 370 2639 402 2696; x_wconf 90' lang='lat' dir='ltr'><strong>et</strong></span> <span class='ocrx_word' id='word_1_204' title='bbox 422 2632 557 2696; x_wconf 71' lang='lat' dir='ltr'><strong>ennete</strong></span> <span class='ocrx_word' id='word_1_205' title='bbox 585 2635 683 2713; x_wconf 88' lang='lat' dir='ltr'><strong>prima</strong></span> <span class='ocrx_word' id='word_1_206' title='bbox 705 2634 856 2698; x_wconf 83' lang='lat' dir='ltr'><strong>elementa</strong></span> <span class='ocrx_word' id='word_1_207' title='bbox 877 2640 949 2697; x_wconf 87' lang='lat' dir='ltr'><strong>sunt</strong></span> <span class='ocrx_word' id='word_1_208' title='bbox 971 2621 1011 2700; x_wconf 69' lang='grc' dir='ltr'><strong>οἶ</strong></span> <span class='ocrx_word' id='word_1_209' title='bbox 1031 2642 1062 2700; x_wconf 91' lang='lat' dir='ltr'><strong>et</strong></span> <span class='ocrx_word' id='word_1_210' title='bbox 1076 2621 1150 2720; x_wconf 74' lang='grc' dir='ltr'><strong>ἶυῖ,</strong></span> 
     </span>
     <span class='ocr_line' id='line_1_25' title="bbox 42 2725 1152 2814; baseline 0.007 -23"><span class='ocrx_word' id='word_1_211' title='bbox 42 2729 123 2793; x_wconf 85' lang='lat' dir='ltr'><strong>unde</strong></span> <span class='ocrx_word' id='word_1_212' title='bbox 146 2731 280 2812; x_wconf 89' lang='lat' dir='ltr'><strong>primum</strong></span> <span class='ocrx_word' id='word_1_213' title='bbox 303 2732 400 2795; x_wconf 84' lang='lat' dir='ltr'><strong>extitit</strong></span> <span class='ocrx_word' id='word_1_214' title='bbox 421 2725 496 2796; x_wconf 68' lang='grc' dir='ltr'><strong><em>ἄλλοι</em></strong></span> <span class='ocrx_word' id='word_1_215' title='bbox 519 2738 550 2796; x_wconf 93' lang='lat' dir='ltr'><strong>et</strong></span> <span class='ocrx_word' id='word_1_216' title='bbox 570 2733 682 2811; x_wconf 76' lang='grc' dir='ltr'><strong>κυλίοι,</strong></span> <span class='ocrx_word' id='word_1_217' title='bbox 706 2740 767 2798; x_wconf 82' lang='lat' dir='ltr'><strong>tunt</strong></span> <span class='ocrx_word' id='word_1_218' title='bbox 790 2733 937 2814; x_wconf 80' lang='lat' dir='ltr'><strong>deinceps</strong></span> <span class='ocrx_word' id='word_1_219' title='bbox 958 2735 1018 2798; x_wconf 88' lang='lat' dir='ltr'><strong>alia</strong></span> <span class='ocrx_word' id='word_1_220' title='bbox 1039 2751 1152 2800; x_wconf 85' lang='lat' dir='ltr'><strong>acces·</strong></span> 
     </span>
     <span class='ocr_line' id='line_1_26' title="bbox 45 2827 1151 2914; baseline 0.009 -26"><span class='ocrx_word' id='word_1_221' title='bbox 45 2836 154 2892; x_wconf 89' lang='lat' dir='ltr'><strong>serunt</strong></span> <span class='ocrx_word' id='word_1_222' title='bbox 178 2836 213 2893; x_wconf 93' lang='lat' dir='ltr'><strong>ut</strong></span> <span class='ocrx_word' id='word_1_223' title='bbox 234 2847 253 2893; x_wconf 94' lang='lat' dir='ltr'><strong>a</strong></span> <span class='ocrx_word' id='word_1_224' title='bbox 273 2833 329 2894; x_wconf 75' lang='lat' dir='ltr'><strong>cet</strong></span> <span class='ocrx_word' id='word_1_225' title='bbox 350 2831 482 2914; x_wconf 79' lang='lat' dir='ltr'><strong>(pullus)</strong></span> <span class='ocrx_word' id='word_1_226' title='bbox 504 2828 608 2906; x_wconf 72' lang='grc' dir='ltr'><strong><em>πολιός</em></strong></span> <span class='ocrx_word' id='word_1_227' title='bbox 627 2830 767 2907; x_wconf 78' lang='grc' dir='ltr'><strong><em>πελιδνός</em></strong></span> <span class='ocrx_word' id='word_1_228' title='bbox 781 2840 811 2896; x_wconf 97' lang='lat' dir='ltr'><strong>et</strong></span> <span class='ocrx_word' id='word_1_229' title='bbox 824 2827 973 2911; x_wconf 76' lang='grc' dir='ltr'><strong><em>κελιτνός,</em></strong></span> <span class='ocrx_word' id='word_1_230' title='bbox 994 2832 1050 2898; x_wconf 82' lang='lat' dir='ltr'><strong>scu</strong></span> <span class='ocrx_word' id='word_1_231' title='bbox 1073 2833 1151 2898; x_wconf 86' lang='lat' dir='ltr'><strong>haec</strong></span> 
     </span>
     <span class='ocr_line' id='line_1_27' title="bbox 44 2923 1151 3017; baseline 0.01 -31"><span class='ocrx_word' id='word_1_232' title='bbox 44 2923 172 2992; x_wconf 84' lang='lat' dir='ltr'><strong>inverse</strong></span> <span class='ocrx_word' id='word_1_233' title='bbox 195 2929 352 2994; x_wconf 86' lang='lat' dir='ltr'><strong>literarum</strong></span> <span class='ocrx_word' id='word_1_234' title='bbox 375 2930 490 2996; x_wconf 87' lang='lat' dir='ltr'><strong>urdine.</strong></span> <span class='ocrx_word' id='word_1_235' title='bbox 531 2933 612 2996; x_wconf 84' lang='lat' dir='ltr'><strong>Ante</strong></span> <span class='ocrx_word' id='word_1_236' title='bbox 634 2932 718 2996; x_wconf 84' lang='lat' dir='ltr'><strong>theta</strong></span> <span class='ocrx_word' id='word_1_237' title='bbox 747 2947 917 2996; x_wconf 89' lang='lat' dir='ltr'><strong>consonam</strong></span> <span class='ocrx_word' id='word_1_238' title='bbox 944 2933 1062 3013; x_wconf 89' lang='lat' dir='ltr'><strong>recepit</strong></span> <span class='ocrx_word' id='word_1_239' title='bbox 1088 2929 1151 3017; x_wconf 77' lang='grc' dir='ltr'><strong>μή·</strong></span> 
     </span>
     <span class='ocr_line' id='line_1_28' title="bbox 47 3025 1153 3115; baseline 0.01 -30"><span class='ocrx_word' id='word_1_240' title='bbox 47 3027 166 3109; x_wconf 79' lang='grc' dir='ltr'><strong><em>ρινθος,</em></strong></span> <span class='ocrx_word' id='word_1_241' title='bbox 190 3031 279 3106; x_wconf 87' lang='lat' dir='ltr'><strong>cnjus</strong></span> <span class='ocrx_word' id='word_1_242' title='bbox 301 3028 425 3093; x_wconf 83' lang='lat' dir='ltr'><strong>breuior</strong></span> <span class='ocrx_word' id='word_1_243' title='bbox 446 3032 545 3093; x_wconf 86' lang='lat' dir='ltr'><strong>torma</strong></span> <span class='ocrx_word' id='word_1_244' title='bbox 566 3036 615 3093; x_wconf 89' lang='lat' dir='ltr'><strong>est</strong></span> <span class='ocrx_word' id='word_1_245' title='bbox 634 3025 739 3112; x_wconf 81' lang='grc' dir='ltr'><strong><em>μέρμις</em></strong></span> <span class='ocrx_word' id='word_1_246' title='bbox 769 3047 797 3094; x_wconf 88' lang='lat' dir='ltr'><strong>v.</strong></span> <span class='ocrx_word' id='word_1_247' title='bbox 824 3030 935 3094; x_wconf 85' lang='lat' dir='ltr'><strong>Parall.</strong></span> <span class='ocrx_word' id='word_1_248' title='bbox 963 3029 1053 3096; x_wconf 68' lang='grc' dir='ltr'><strong>167.ἶ</strong></span> <span class='ocrx_word' id='word_1_249' title='bbox 1079 3028 1153 3115; x_wconf 78' lang='grc' dir='ltr'><em>Τέρ-</em></span> 
     </span>
     <span class='ocr_line' id='line_1_29' title="bbox 46 3121 1152 3213; baseline 0.013 -29"><span class='ocrx_word' id='word_1_250' title='bbox 46 3126 138 3200; x_wconf 74' lang='grc' dir='ltr'><strong><em>μιθος</em></strong></span> <span class='ocrx_word' id='word_1_251' title='bbox 170 3133 203 3190; x_wconf 82' lang='grc' dir='ltr'><strong>σι</strong></span> <span class='ocrx_word' id='word_1_252' title='bbox 229 3121 406 3209; x_wconf 74' lang='grc' dir='ltr'><strong><em>τερέβινθος</em></strong></span> <span class='ocrx_word' id='word_1_253' title='bbox 437 3146 533 3212; x_wconf 86' lang='lat' dir='ltr'><strong>supra</strong></span> <span class='ocrx_word' id='word_1_254' title='bbox 559 3131 737 3213; x_wconf 87' lang='lat' dir='ltr'><strong>conposui;</strong></span> <span class='ocrx_word' id='word_1_255' title='bbox 776 3124 991 3212; x_wconf 74' lang='grc' dir='ltr'><strong><em>Τοικόοονβος</em></strong></span> <span class='ocrx_word' id='word_1_256' title='bbox 1025 3132 1152 3212; x_wconf 86' lang='lat' dir='ltr'><strong>saepius</strong></span> 
     </span>
    </p>
   </div>
   <div class='ocr_carea' id='block_1_3' title="bbox 49 3376 1154 4018">
    <p class='ocr_par' dir='ltr' id='par_1_3' title="bbox 49 3376 1152 3613">
     <span class='ocr_line' id='line_1_30' title="bbox 51 3376 1152 3448; baseline 0.012 -27"><span class='ocrx_word' id='word_1_257' title='bbox 51 3376 146 3429; x_wconf 84' lang='lat' dir='ltr'><strong>monuit</strong></span> <span class='ocrx_word' id='word_1_258' title='bbox 162 3391 197 3433; x_wconf 92' lang='lat' dir='ltr'><strong>ne</strong></span> <span class='ocrx_word' id='word_1_259' title='bbox 217 3392 275 3432; x_wconf 87' lang='lat' dir='ltr'><strong>curn</strong></span> <span class='ocrx_word' id='word_1_260' title='bbox 294 3377 430 3445; x_wconf 81' lang='lat' dir='ltr'><strong>adjectivis</strong></span> <span class='ocrx_word' id='word_1_261' title='bbox 454 3377 633 3448; x_wconf 82' lang='grc' dir='ltr'><strong>μακαριστός,</strong></span> <span class='ocrx_word' id='word_1_262' title='bbox 657 3378 816 3440; x_wconf 58' lang='lat' dir='ltr'><strong>enarretis,</strong></span> <span class='ocrx_word' id='word_1_263' title='bbox 844 3377 966 3437; x_wconf 80' lang='grc' dir='ltr'><strong>κυλιστός</strong></span> <span class='ocrx_word' id='word_1_264' title='bbox 990 3383 1152 3448; x_wconf 87' lang='lat' dir='ltr'><strong>aequipare-</strong></span> 
     </span>
     <span class='ocr_line' id='line_1_31' title="bbox 50 3457 1151 3534; baseline 0.01 -29"><span class='ocrx_word' id='word_1_265' title='bbox 50 3457 95 3508; x_wconf 90' lang='lat' dir='ltr'><strong>tur.</strong></span> <span class='ocrx_word' id='word_1_266' title='bbox 132 3459 221 3522; x_wconf 78' lang='lat' dir='ltr'><strong>Quare</strong></span> <span class='ocrx_word' id='word_1_267' title='bbox 238 3461 385 3518; x_wconf 86' lang='lat' dir='ltr'><strong>Meinelins</strong></span> <span class='ocrx_word' id='word_1_268' title='bbox 405 3459 477 3515; x_wconf 84' lang='lat' dir='ltr'><strong>Cum.</strong></span> <span class='ocrx_word' id='word_1_269' title='bbox 496 3461 538 3516; x_wconf 79' lang='lat' dir='ltr'><strong>ln.</strong></span> <span class='ocrx_word' id='word_1_270' title='bbox 557 3462 585 3517; x_wconf 80' lang='lat' dir='ltr'><strong>l.</strong></span> <span class='ocrx_word' id='word_1_271' title='bbox 604 3463 638 3518; x_wconf 94' lang='lat' dir='ltr'><strong>ll.</strong></span> <span class='ocrx_word' id='word_1_272' title='bbox 657 3463 715 3520; x_wconf 83' lang='grc'><strong>649.</strong></span> <span class='ocrx_word' id='word_1_273' title='bbox 731 3461 857 3532; x_wconf 58' lang='lat' dir='ltr'><strong>inpletae</strong></span> <span class='ocrx_word' id='word_1_274' title='bbox 875 3465 1009 3532; x_wconf 82' lang='lat' dir='ltr'><strong>scripserit</strong></span> <span class='ocrx_word' id='word_1_275' title='bbox 1021 3477 1151 3534; x_wconf 83' lang='lat' dir='ltr'><strong>prepare-</strong></span> 
     </span>
     <span class='ocr_line' id='line_1_32' title="bbox 49 3543 419 3613; baseline 0.022 -23"><span class='ocrx_word' id='word_1_276' title='bbox 49 3543 170 3610; x_wconf 73' lang='lat' dir='ltr'><strong>xutcnts,</strong></span> <span class='ocrx_word' id='word_1_277' title='bbox 190 3545 252 3598; x_wconf 87' lang='lat' dir='ltr'><strong>mihi</strong></span> <span class='ocrx_word' id='word_1_278' title='bbox 270 3559 322 3600; x_wconf 88' lang='lat' dir='ltr'><strong>non</strong></span> <span class='ocrx_word' id='word_1_279' title='bbox 338 3551 419 3613; x_wconf 84' lang='lat' dir='ltr'><strong>patet.</strong></span> 
     </span>
    </p>

    <p class='ocr_par' dir='ltr' id='par_1_4' title="bbox 52 3626 1154 3867">
     <span class='ocr_line' id='line_1_33' title="bbox 114 3626 1154 3701; baseline 0.001 -21"><span class='ocrx_word' id='word_1_280' title='bbox 114 3626 144 3693; x_wconf 83' lang='lat'><strong>5)</strong></span> <span class='ocrx_word' id='word_1_281' title='bbox 171 3629 268 3684; x_wconf 77' lang='lat' dir='ltr'><strong>suillas</strong></span> <span class='ocrx_word' id='word_1_282' title='bbox 291 3629 431 3696; x_wconf 77' lang='grc' dir='ltr'><strong>Κυβιστςῖν</strong></span> <span class='ocrx_word' id='word_1_283' title='bbox 455 3627 516 3680; x_wconf 77' lang='grc' dir='ltr'><strong>ἀντὶ</strong></span> <span class='ocrx_word' id='word_1_284' title='bbox 538 3629 587 3682; x_wconf 76' lang='grc' dir='ltr'><strong>τοῦ</strong></span> <span class='ocrx_word' id='word_1_285' title='bbox 604 3632 747 3701; x_wconf 75' lang='grc' dir='ltr'><strong><em>κολυμβᾷν</em></strong></span> <span class='ocrx_word' id='word_1_286' title='bbox 764 3629 993 3698; x_wconf 73' lang='grc' dir='ltr'><strong>καταχρηστικῶς.</strong></span> <span class='ocrx_word' id='word_1_287' title='bbox 1028 3631 1154 3690; x_wconf 78' lang='lat' dir='ltr'><strong>Similiter</strong></span> 
     </span>
     <span class='ocr_line' id='line_1_34' title="bbox 52 3699 1153 3781; baseline 0.007 -25"><span class='ocrx_word' id='word_1_288' title='bbox 52 3699 183 3781; x_wconf 75' lang='grc' dir='ltr'><strong>ἀρνεοτήρ</strong></span> <span class='ocrx_word' id='word_1_289' title='bbox 202 3714 359 3768; x_wconf 81' lang='lat' dir='ltr'><strong>urinatorenn</strong></span> <span class='ocrx_word' id='word_1_290' title='bbox 378 3711 509 3779; x_wconf 77' lang='lat' dir='ltr'><strong>significat</strong></span> <span class='ocrx_word' id='word_1_291' title='bbox 526 3719 554 3768; x_wconf 90' lang='lat' dir='ltr'><strong>et</strong></span> <span class='ocrx_word' id='word_1_292' title='bbox 570 3714 669 3768; x_wconf 81' lang='lat' dir='ltr'><strong>ludium</strong></span> <span class='ocrx_word' id='word_1_293' title='bbox 684 3719 858 3779; x_wconf 76' lang='lat' dir='ltr'><strong>occupantem,</strong></span> <span class='ocrx_word' id='word_1_294' title='bbox 874 3711 943 3780; x_wconf 86' lang='lat' dir='ltr'><strong>quod</strong></span> <span class='ocrx_word' id='word_1_295' title='bbox 956 3711 1063 3768; x_wconf 78' lang='lat' dir='ltr'><strong>ueritum</strong></span> <span class='ocrx_word' id='word_1_296' title='bbox 1075 3715 1153 3774; x_wconf 83' lang='lat' dir='ltr'><strong>Doa-</strong></span> 
     </span>
     <span class='ocr_line' id='line_1_35' title="bbox 56 3783 1017 3867; baseline 0.009 -30"><span class='ocrx_word' id='word_1_297' title='bbox 56 3783 166 3847; x_wconf 89' lang='lat' dir='ltr'><strong>derlinus</strong></span> <span class='ocrx_word' id='word_1_298' title='bbox 184 3801 244 3863; x_wconf 86' lang='lat' dir='ltr'><strong>apte</strong></span> <span class='ocrx_word' id='word_1_299' title='bbox 264 3797 396 3864; x_wconf 88' lang='lat' dir='ltr'><strong>componit</strong></span> <span class='ocrx_word' id='word_1_300' title='bbox 413 3810 471 3850; x_wconf 86' lang='lat' dir='ltr'><strong>cum</strong></span> <span class='ocrx_word' id='word_1_301' title='bbox 490 3796 663 3865; x_wconf 81' lang='lat' dir='ltr'><strong>Hesychianis</strong></span> <span class='ocrx_word' id='word_1_302' title='bbox 680 3798 819 3867; x_wconf 81' lang='grc' dir='ltr'><strong><em>κερκνίξοι</em></strong></span> <span class='ocrx_word' id='word_1_303' title='bbox 839 3800 866 3850; x_wconf 90' lang='lat' dir='ltr'><strong>et</strong></span> <span class='ocrx_word' id='word_1_304' title='bbox 884 3797 1017 3864; x_wconf 81' lang='grc' dir='ltr'><strong><em>κρονίξοι.</em></strong></span> 
     </span>
    </p>

    <p class='ocr_par' dir='ltr' id='par_1_5' title="bbox 56 3873 1152 4018">
     <span class='ocr_line' id='line_1_36' title="bbox 116 3873 1152 3952; baseline 0.001 -23"><span class='ocrx_word' id='word_1_305' title='bbox 116 3873 144 3941; x_wconf 80' lang='grc'><strong>6)</strong></span> <span class='ocrx_word' id='word_1_306' title='bbox 162 3877 353 3934; x_wconf 74' lang='lat' dir='ltr'><strong>Aduerbiorutn</strong></span> <span class='ocrx_word' id='word_1_307' title='bbox 370 3877 523 3945; x_wconf 65' lang='lat' dir='ltr'><strong>peculiaria,</strong></span> <span class='ocrx_word' id='word_1_308' title='bbox 544 3879 718 3952; x_wconf 71' lang='grc' dir='ltr'><strong>ὀστρακίνδα,</strong></span> <span class='ocrx_word' id='word_1_309' title='bbox 738 3877 903 3948; x_wconf 78' lang='grc' dir='ltr'><strong>ἀριστίνδην,</strong></span> <span class='ocrx_word' id='word_1_310' title='bbox 921 3878 1084 3946; x_wconf 78' lang='grc' dir='ltr'><strong><em>πλουτίνδην</em></strong></span> <span class='ocrx_word' id='word_1_311' title='bbox 1094 3887 1152 3940; x_wconf 78' lang='lat' dir='ltr'><strong>ter.</strong></span> 
     </span>
     <span class='ocr_line' id='line_1_37' title="bbox 56 3953 407 4018; baseline 0.028 -12"><span class='ocrx_word' id='word_1_312' title='bbox 56 3953 156 4012; x_wconf 79' lang='lat' dir='ltr'><strong>minatio</strong></span> <span class='ocrx_word' id='word_1_313' title='bbox 173 3961 340 4016; x_wconf 84' lang='lat' dir='ltr'><strong>immutabilis</strong></span> <span class='ocrx_word' id='word_1_314' title='bbox 358 3967 407 4018; x_wconf 80' lang='lat' dir='ltr'><strong>cst.</strong></span> 
     </span>
    </p>
   </div>
   <div class='ocr_carea' id='block_1_4' title="bbox 58 4041 1149 4198">
    <p class='ocr_par' dir='ltr' id='par_1_6' title="bbox 58 4041 1149 4198">
     <span class='ocr_line' id='line_1_38' title="bbox 116 4041 1149 4120; baseline 0.012 -26"><span class='ocrx_word' id='word_1_315' title='bbox 116 4041 143 4106; x_wconf 83' lang='lat' dir='ltr'><strong>l)</strong></span> <span class='ocrx_word' id='word_1_316' title='bbox 163 4043 245 4100; x_wconf 87' lang='lat' dir='ltr'><strong>Onisi</strong></span> <span class='ocrx_word' id='word_1_317' title='bbox 265 4046 291 4100; x_wconf 84' lang='lat' dir='ltr'><strong>lt.</strong></span> <span class='ocrx_word' id='word_1_318' title='bbox 310 4044 327 4098; x_wconf 94' lang='grc'><strong>1.</strong></span> <span class='ocrx_word' id='word_1_319' title='bbox 347 4045 437 4102; x_wconf 84' lang='lat' dir='ltr'><strong>dicere</strong></span> <span class='ocrx_word' id='word_1_320' title='bbox 454 4045 626 4102; x_wconf 83' lang='lat' dir='ltr'><strong>Hermannum</strong></span> <span class='ocrx_word' id='word_1_321' title='bbox 643 4047 748 4116; x_wconf 76' lang='lat' dir='ltr'><strong>Orpheo</strong></span> <span class='ocrx_word' id='word_1_322' title='bbox 767 4049 943 4106; x_wconf 76' lang='lat' dir='ltr'><strong>accusativum</strong></span> <span class='ocrx_word' id='word_1_323' title='bbox 958 4051 1085 4120; x_wconf 69' lang='grc' dir='ltr'><strong><em>μέρμιθα</em></strong></span> <span class='ocrx_word' id='word_1_324' title='bbox 1099 4053 1149 4106; x_wconf 88' lang='lat' dir='ltr'><strong>tri-</strong></span> 
     </span>
     <span class='ocr_line' id='line_1_39' title="bbox 58 4113 355 4198; baseline 0.051 -33"><span class='ocrx_word' id='word_1_325' title='bbox 58 4113 142 4179; x_wconf 82' lang='lat' dir='ltr'><strong>buisse</strong></span> <span class='ocrx_word' id='word_1_326' title='bbox 158 4141 205 4194; x_wconf 86' lang='lat' dir='ltr'><strong>pro</strong></span> <span class='ocrx_word' id='word_1_327' title='bbox 221 4126 355 4198; x_wconf 73' lang='grc' dir='ltr'><strong>μήρινσα.</strong></span> 
     </span>
    </p>
   </div>
   <div class='ocr_carea' id='block_1_5' title="bbox 0 0 1388 4994">
    <p class='ocr_par' dir='ltr' id='par_1_7' title="bbox 0 0 1388 4994">
     <span class='ocr_line' id='line_1_40' title="bbox 0 0 1388 4994; baseline 0 0"><span class='ocrx_word' id='word_1_328' title='bbox 0 0 1388 4994; x_wconf 95' lang='lat' dir='ltr'><strong> </strong></span> 
     </span>
    </p>
   </div>
  </div>
 </body>
</html>
