2750 4994
103 270 154 335 DE
175 269 273 336 ΝΟΜ.
299 269 464 348 QUORUM
485 267 678 336 minnan
699 271 776 338 EST
796 273 866 340 Μῦ.
891 275 923 341 C.
939 276 975 343 ll.
990 285 1019 353 ς.
1036 281 1064 345 2.
1102 274 1167 352 169

62 444 92 500 ot
118 435 253 500 Glossae
287 442 397 500 auctor
423 435 688 516 interpretameuti
723 435 796 500 loco
827 433 941 514 κλάδος
968 435 1165 528 subscripsit.

60 537 117 600 Pro
145 533 290 619 Τήλαμος
309 534 462 616 ιηοομλιο.
487 534 576 600 1333.
590 535 622 597 ln
636 535 724 599 codd.
741 537 859 618 aliquot
878 535 1040 622 Τήλυμνσς
1059 545 1166 626 scrip-

61 643 120 700 tum
142 641 193 699 est
214 637 283 700 sine
304 634 367 697 ullo
388 635 477 697 metri
506 634 729 714 emolumeul03
758 635 814 699 sed
843 628 1024 721 ἀπάλαμνος
1050 646 1164 723 poetae

60 729 256 814 protulerunt
276 734 437 797 breuitatIs
460 731 632 796 fulciendae
661 747 757 796 eausa
785 740 818 796 nt
839 731 1003 819 νώνυμνος
1030 747 1060 804 el
1083 745 1167 824 quod

58 833 252 898 llcruranuus
274 830 406 895 Pindaro
430 835 558 913 peropto
579 831 720 894 retribuit
747 829 924 915 teloneos:
955 841 1174 922 Πολομννίος,.

58 932 139 1012 quod
167 931 351 995 Eustachius
379 930 499 1013 586,1.
531 946 599 994 cum
621 930 683 994 boo
702 932 875 1015 componit,
904 934 995 1016 uulgo
1026 936 1165 1008 obtinuit.

56 1026 239 1112 Αυέραμνος
258 1045 333 1092 uero
356 1029 494 1109 compari
518 1035 603 1092 caret
624 1036 655 1092 et
676 1023 881 1111 σφένδιιμνος,
904 1036 1053 1112 cujusne
1076 1035 1164 1119 oll'go

58 1129 182 1210 quidem
218 1129 297 1192 satis
324 1127 452 1192 οἰοιοῖ.7
493 1129 694 1192 substantivo
715 1123 862 1210 βέλεμνον
882 1131 1076 1199 Herodianus
1093 1133 1164 1204 ‘Eli

59 1227 127 1311 194,
150 1227 181 1292 3.
203 1229 373 1309 praestruit
394 1226 536 1290 detiorum
563 1221 686 1308 βέλεμος
706 1223 750 1302 ὡς
769 1225 827 1310 ἔχω
840 1226 983 1313 Ἔχεμος,
1007 1235 1163 1313 quomode

59 1322 204 1408 ιινιλημη
225 1322 347 1408 πλήμνη
370 1332 400 1389 et
421 1320 598 1407 ιιλέμνιος,8
619 1343 637 1389 a
658 1322 718 1389 δέω
739 1325 823 1410 δημοι
842 1325 1016 1413 κρήδεμνον
1045 1337 1076 1397 ολ
1104 1333 1165 1400 ulio

59 1431 127 1487 orta
149 1431 306 1508 putantur,
329 1424 385 1490 sod
405 1441 559 1505 persaepe
581 1426 754 1491 terminatio
775 1449 865 1508 μν-
893 1447 932 1493 ex
959 1433 1164 1518 sanaremur,

57 1527 152 1605 ιιιιρῑ
168 1528 310 1606 κρῖμνον,
335 1541 354 1587 a
374 1521 453 1606 μέλω
477 1525 544 1586 sive
565 1519 654 1603 μέλος
680 1521 810 1608 μέριμνα
829 1555 871 1580 ==
890 1524 1043 1612 μερμήροι,
1071 1533 1164 1596 πολυ-

57 1615 204 1704 μέμιμνος
224 1649 266 1676 2-
284 1618 522 1706 πολομέομερος,
545 1641 565 1687 a
586 1623 749 1688 thematioo
771 1620 853 1707 μέδω
875 1630 991 1691 melior
1016 1623 1164 1712 μέδιμνος

59 1722 102 1800 (el
123 1717 235 1803 μόδιος
254 1740 282 1785 v.
307 1722 479 1786 Hcmstcrh.
500 1721 539 1785 ad
560 1721 638 1786 Plut.
658 1741 686 1787 v.
708 1721 818 1807 984.)⁹
861 1725 1008 1789 Similiter
1029 1729 1162 1808 igitura

58 1817 145 1903 βέλος
167 1817 330 1904 diupuldo,
359 1839 378 1886 a
403 1818 499 1886 ultio
526 1815 754 1903 ἀμφικέλεμνον
780 1817 1011 1906 &poncionem
1038 1823 1164 1895 ὄκελλον

59 1921 129 1985 llos.
156 1921 238 1985 unde
259 1921 436 1986 adverbium
458 1915 672 2003 ἀμφινελομνὶς
693 1922 808 1986 Anccd.
823 1922 918 1987 Belrlr.
940 1930 1002 1986 turn
1022 1920 1164 2009 τέοιμνος

59 2015 184 2102 ἰσχυρὸς
205 2017 258 2083 κοιλ
278 2015 451 2102 σσεηέμνιος
466 2021 538 2084 Hes.
559 2037 626 2084 eum
648 2027 757 2084 neutro
779 2015 941 2102 τέρεμνον,
970 2023 1054 2103 quod
1083 2023 1163 2092 sub-

59 2121 186 2184 stantivi
207 2121 278 2184 looo
302 2120 440 2184 habetur.
484 2118 595 2183 Suidas
616 2113 741 2201 Αἰσύμη
761 2115 916 2193 abacelam
933 2115 1085 2206 Αλούμνη,
1100 2125 1162 2188 ’ἰο-

59 2237 117 2301 ιμιο
141 2221 174 2285 ll.
196 2220 273 2284 VIII.
298 2219 367 2284 304.
389 2225 527 2282 veterum
550 2218 733 2282 Critioorum
755 2218 806 2281 alii
828 2212 1012 2301 Αἰσύμηθεν
1022 2221 1163 2306 scdpso-

59 2326 137 2402 runt,
165 2319 219 2382 alii
244 2315 447 2402 Αἰσύμνηθεν
475 2323 527 2380 aut
556 2324 685 2398 proptor
711 2318 769 2380 uiri
797 2333 909 2381 nomen
930 2318 1089 2401 Αἴσυμνος
1110 2330 1163 2388 ant

58 2421 146 2482 metri
172 2435 278 2482 cansa.
325 2417 404 2481 Nam
431 2418 460 2481 si
486 2411 611 2499 Αλσύμη
640 2422 670 2479 et
698 2415 781 2497 quod
811 2415 987 2496 Stephanus
1023 2419 1162 2498 ciusdem

59 2519 143 2582 urbis
165 2533 279 2582 nomen
300 2522 387 2598 putat
407 2511 529 2599 Οἰσύμη
550 2532 589 2579 ex
609 2516 787 2580 masculinis
809 2515 899 2594 nujus
931 2516 1048 2580 formae
1065 2512 1161 2583 Ἕλο-

59 2639 128 2698 μος,
151 2612 299 2698 Σόλυμος
325 2623 383 2680 etc.
412 2615 607 2697 aestimatur,
633 2615 759 2695 ypsilou
786 2614 880 2678 breve
910 2614 1003 2678 babet
1027 2616 1162 2700 ideoque

59 2717 110 2780 illo
132 2717 206 2784 loco
230 2715 327 2779 lulcro
349 2714 465 2794 indiget
484 2730 545 2795 quo
575 2719 767 2778 sustentatur
787 2707 959 2794 oniropolon.
1002 2715 1064 2780 Sed
1083 2718 1160 2782 ade·-
1257 2775 1260 2786 ,

61 2825 166 2880 ruutur
196 2814 371 2895 complures
400 2815 587 2878 sententiae:
621 2808 823 2895 Αἰσύμνηθσν
855 2811 932 2887 ἴσως
956 2813 1011 2896 τῆς
1039 2811 1162 2898 Νιρέως

62 2909 187 2998 Σύμης·
215 2913 246 2976 ολ
272 2909 306 2976 δὲ
333 2906 395 2976 ἀπὸ
422 2911 584 2995 βασιλικοῦ
604 2904 722 2994 μένους,
750 2916 784 2974 ut
809 2909 965 2998 αλσυμνᾷν
993 2912 1103 2977 dicitnr
1130 2923 1161 2981 ct

62 3008 218 3097 ολσυητήο.
260 3013 328 3076 Ηοο
350 3028 458 3092 parurn
480 3010 641 3092 probabile
661 3010 799 3092 uidetur,
827 3009 884 3074 sed
905 3011 979 3073 urbs
1002 3011 1161 3098 Thraciae,

62 3131 149 3196 quam
175 3109 369 3190 Thucydides
391 3116 422 3174 et
444 3110 540 3174 ceteri
564 3105 706 3192 Οἰσύμην
725 3114 849 3191 coemit,
872 3109 905 3172 in
928 3107 1057 3172 iliodori
1078 3129 1161 3192 quo-

62 3213 127 3277 dam
149 3214 222 3276 loco
244 3206 338 3292 Σύμη
360 3208 478 3272 dicitur.
523 3207 612 3283 Quod
633 3209 661 3270 si
682 3207 875 3272 librariorum
902 3207 1039 3271 incuriae
1061 3209 1161 3272 tribu-

60 3315 135 3376 imus
157 3327 250 3392 quam
269 3307 493 3387 Wessellngius
515 3306 629 3389 culpat,
650 3311 752 3370 tamen
773 3307 824 3387 qui
844 3305 899 3369 illa
919 3305 1162 3373 consideraverit

58 3406 141 3490 Ἀξός
162 3417 194 3475 et
207 3404 323 3484 Ὄαξος
345 3407 411 3470 sivo
435 3403 557 3482 Οέοιξος,
582 3404 713 3478 Οἴτυλος
734 3411 764 3469 et
789 3399 900 3481 Τύλος,
921 3400 987 3487 μέν
1008 3401 1159 3487 αἰγυπιὸς,

62 3601 351 3617 ῌ--ὴ-

126 3728 155 3794 7)
181 3725 301 3780 l'orsItau
324 3737 340 3778 a
365 3722 455 3793 σφήν,
480 3727 566 3792 uolgo
584 3725 603 3776 i.
623 3735 647 3791 q.
667 3723 749 3790 σχίζω
775 3719 861 3784 liudo,
887 3731 998 3786 uanique
1021 3734 1084 3788 prae
1103 3720 1161 3774 aliis

66 3812 144 3866 nocuis
162 3825 239 3863 ωοιω
256 3808 335 3871 μισέω
350 3807 429 3860 robor
446 3807 479 3862 ob
497 3808 625 3864 duritiem.
663 3805 720 3860 Nou
737 3804 829 3874 procul
847 3802 908 3856 binc
922 3801 1000 3856 distat
1013 3801 1161 3871 Σφενδαλή

66 3892 129 3949 demi
147 3894 219 3948 attici
236 3906 340 3948 nornen.

126 3993 154 4060 8]
173 3991 286 4060 Hesyoh.
305 3990 440 4058 Πλέμνινν
459 3990 579 4062 ἀρχαῖον
595 3990 700 4060 πλῆρες,
719 3987 771 4042 hoo
786 3992 815 4042 ut
831 3985 974 4054 πλήσμιον.

128 4064 157 4166 dl
177 4099 309 4165 lguoliora
327 4105 386 4154 suut
404 4098 536 4167 ἅνλλιμσς
554 4105 580 4156 et
597 4065 745 4166 ἀνέλιμνος
762 4093 845 4152 κακός
862 4093 923 4149 lles.
