2750 4994
158 291 208 356 DE
229 288 450 356 NOMINIBUS
472 289 513 354 IN
534 285 832 356 oumuurruils.
856 292 888 357 C.
903 291 951 356 IV.
968 299 997 368 ς.
1015 289 1043 355 2.
1086 289 1158 358 205

47 474 146 520 versa
167 473 240 522 esso
262 456 318 521 sed
340 457 431 521 etiam
453 463 573 538 natura,
594 472 657 520 non
680 456 780 518 minus
795 449 1066 537 quum’Apeoeiooo
1079 455 1158 519 Plnt.

47 555 182 630 Quaest.
202 555 289 619 Rom.
308 554 343 618 V.
358 555 428 620 313.
452 555 484 617 T.
506 553 570 618 XII.
594 563 624 618 et
645 548 841 635 Ἀριστόνους
855 553 947 617 Thuo.
967 554 1015 618 Vl.
1028 553 1058 618 4.
1081 553 1159 618 Plut.

46 655 82 716 V.
106 654 185 733 Lys.
209 671 235 717 o.
251 654 355 717 lllllll.
377 654 498 716 Arrian.
520 653 584 717 lnd.
599 655 702 718 Xillll.
727 648 907 726 Ποντόνοος
926 651 1076 716 Phaeaois
1097 668 1159 716 no·

44 771 119 816 men
151 753 402 816 homericum'et
432 754 587 826 Ποντῖνος
613 755 726 817 montis
755 753 846 815 Pans.
869 751 904 815 ll.
927 751 976 815 36.
1003 743 1160 828 ’Λροίνοος

46 851 195 932 ejusdem
221 851 344 915 Homeri
367 855 397 914 el
415 843 554 931 Ἀρσῐνος
575 853 694 936 fluvius,
715 865 805 932 quem
828 849 940 914 Strabo
963 849 1055 912 etiam
1071 841 1158 928 ’Epu-

44 956 142 1014 οῑνον
164 950 226 1014 diei
249 947 418 1014 testatur1⁰
437 949 578 1031 idemque
598 952 655 1013 uiri
677 966 788 1013 nomen
808 956 857 1012 est
870 954 904 1011 ut
915 940 1062 1028 Ἐργῖνος.
1090 947 1158 1014 Hoc

45 1056 156 1114 autem
179 1066 269 1112 nemo
293 1065 331 1113 ex
352 1043 500 1130 ἐργόνονς
520 1056 624 1112 natum
646 1049 743 1131 dicet,
765 1063 865 1128 neque
887 1047 985 1126 magis
1004 1039 1157 1130 Ἀλφῑυος,

45 1166 111 1228 quo
133 1148 334 1212 Ruhnkeuius
351 1150 454 1232 utitur,
476 1147 514 1211 ab
537 1142 626 1229 ἄλφα
649 1147 853 1227 oompositum
874 1144 931 1209 sed
947 1144 1052 1225 potius
1067 1145 1157 1209 Albi-

45 1264 122 1310 num
144 1247 400 1327 interpretabitur
424 1247 462 1311 ab
490 1239 589 1328 ιέλρός
608 1245 689 1310 unde
711 1241 837 1327 ἀλφινία
857 1238 877 1326 ἡ
897 1239 991 1326 isdem
1016 1241 1089 1308 llos.
1110 1244 1158 1308 liit

46 1346 178 1425 quidem
204 1345 355 1410 interdum
377 1351 411 1408 ut
436 1346 468 1408 iu
490 1345 716 1426 oompositione
736 1345 801 1407 iota
822 1343 1027 1407 substituatur
1047 1358 1103 1424 pro
1127 1330 1156 1434 ej

45 1440 308 1525 τερπικέραυνος,
344 1439 527 1526 Χαιριγέυης
558 1443 649 1524 Corp.
670 1443 765 1507 lusor.
792 1442 912 1507 11214.
938 1442 1157 1524 Διονυσικλῆς,

49 1540 257 1626 Δαμιθάλης,
292 1545 501 1627 Θουρίμαχος,
530 1541 679 1623 Demipho
709 1549 739 1605 et
760 1540 892 1622 Clitipho
915 1539 998 1622 apud
1017 1539 1157 1606 Plautum

49 1650 81 1705 et
105 1644 293 1707 Terentium.
332 1643 394 1708 Sed
421 1643 506 1707 nulla
531 1641 672 1722 proleoto
695 1639 774 1704 ratio
797 1646 846 1703 est
868 1655 921 1702 our
945 1639 1006 1702 boo
1027 1639 1156 1704 artilloio

49 1744 94 1804 uti
116 1742 261 1806 malimus
283 1758 374 1822 quam
396 1743 498 1806 omnia
517 1740 571 1802 illa
600 1741 777 1820 paronpmis
805 1737 982 1802 adscribere
1006 1738 1157 1818 simpliei-

49 1840 120 1905 bus,
142 1873 186 1886 -
212 1842 370 1904 docentus
397 1841 429 1903 iu
457 1839 517 1902 boo
546 1845 614 1901 toto
642 1853 755 1918 genere
781 1837 937 1900 nominum
961 1838 1157 1917 propriorum

50 1940 233 2002 constantia
254 1955 371 2003 summa
393 1945 449 2002 est.
490 1937 590 2013 Quare
612 1938 639 2000 si
659 1936 810 1999 Phesiuus
836 1934 889 1997 ille
909 1935 941 1997 in
961 1934 1057 1998 lusor.
1082 1936 1157 2000 Chia

51 2038 189 2103 112242.
212 2056 240 2119 p.
261 2037 331 2102 210.
356 2053 374 2100 a
395 2035 536 2118 Phaside,
558 2042 592 2098 ut
612 2034 787 2098 Boeolrbius
809 2033 994 2115 suspicatur,
1015 2034 1157 2114 appella-

52 2143 101 2201 tus
126 2136 224 2219 est,¹¹
245 2152 308 2199 uon
325 2131 463 2218 Φὴοινος
484 2142 536 2198 aut
558 2129 695 2216 Φηοινός
715 2132 809 2196 scribi
830 2131 922 2196 debet
940 2131 997 2196 sed
1021 2133 1158 2214 Φησῖνος

53 2242 86 2298 ut
103 2231 284 2315 Ἱππαρῖνος
305 2235 452 2298 familiare
471 2234 583 2298 Sioulis
605 2247 717 2297 nomeu
739 2249 757 2294 a
777 2231 868 2294 durio
892 2231 1056 2294 vernaculo
1078 2232 1157 2297 dno-

54 2341 116 2398 tum
137 2334 280 2398 Parthen.
303 2350 328 2397 o.
346 2333 448 2398 XXIV.
472 2338 529 2398 eto.
558 2333 622 2397 Nec
643 2339 728 2395 reete
749 2331 1003 2394 Weslermannus
1024 2331 1055 2394 iu
1076 2332 1154 2398 Plut.

54 2432 125 2497 Viti.
134 2431 171 2496 X.
182 2431 280 2497 Orati.
298 2448 326 2512 p.
334 2431 382 2496 80.
394 2424 554 2508 Ἀνᾶξινος
567 2431 666 2510 dedit3
689 2424 873 2511 Ζωττύρινος
885 2429 1075 2495 Αῑὴυν.ΧΝ.
1087 2431 1156 2500 662.

54 2531 89 2596 li.
109 2539 142 2595 et
162 2531 275 2594 similia
296 2529 444 2610 quaedam
462 2534 527 2610 jam
549 2530 600 2593 alii
622 2531 838 2610 expurgarent.
875 2527 938 2593 Sed
958 2545 1037 2609 quae
1058 2547 1158 2614 neque

55 2630 138 2711 apud
158 2636 271 2711 poetas
292 2629 434 2708 leguntur
454 2645 554 2710 neque
576 2634 700 2693 oonstat
714 2627 795 2692 unde
810 2628 946 2692 derivata
960 2629 1031 2714 sint,
1052 2648 1158 2699 eorum

55 2737 86 2793 et
108 2734 258 2792 aooentus
279 2728 312 2789 iu
332 2727 450 2791 inoerto
473 2737 503 2792 et
516 2741 676 2792 mensura:
699 2727 813 2809 Βολινη
830 2733 861 2790 ot
875 2722 1010 2793 Βάλανον
1020 2732 1158 2815 Acbajao

56 2827 217 2910 oppidum,
246 2820 412 2907 Μύρκινος
440 2827 587 2890 Thraciae
620 2825 712 2888 Tbuo.
733 2825 781 2890 lv.
805 2826 872 2891 107.
900 2828 985 2908 quod
1009 2830 1041 2893 iu
1069 2833 1157 2900 oodd.

56 2931 224 3009 Μυρκῖνος
245 2926 393 3006 seriptum
416 2933 481 3005 est;
510 2920 653 2996 Μύλινος
674 2925 761 3003 gigas
783 2924 871 2990 Diod.
892 2925 926 2990 V.
949 2928 997 2992 71.
1014 2921 1158 3012 ’Ῥρμινός

57 3027 183 3093 Siciliae
211 3024 320 3087 durius
349 3024 477 3103 Dionys.
506 3023 604 3104 Epist.
633 3023 671 3086 ad
695 3024 800 3104 Pomp.
829 3039 854 3086 o.
878 3023 910 3086 V.
934 3023 1003 3091 781.
1029 3036 1061 3093 et
1089 3032 1157 3099 alia.

58 3120 216 3208 Κρήτινος
235 3122 313 3187 Plut.
335 3122 373 3186 de
394 3122 480 3202 Pytb.
496 3122 604 3188 Oraoo.
617 3121 707 3186 lllll.
729 3129 760 3185 et
782 3118 938 3201 Πράτινος
957 3125 1092 3209 Aloipbr.
1109 3133 1157 3198 lll.

57 3227 112 3307 Ep.
132 3223 184 3291 36.
206 3222 235 3286 si
256 3237 324 3283 oum
348 3222 504 3301 Πρατίνας
525 3229 555 3285 et
577 3221 734 3303 Κρητίνας
742 3223 769 3262 1²
790 3222 998 3307 conternntur,
1019 3244 1158 3311 parony-

58 3340 178 3390 morum
205 3321 341 3401 speeiem
368 3321 536 3404 praebent,
563 3338 662 3402 neque
689 3320 779 3384 video
808 3336 870 3401 quo
900 3321 960 3384 alio
982 3325 1159 3397 Aesobiuus

58 3423 178 3488 Gruter.
198 3421 294 3486 lusor.
316 3436 345 3500 p.
368 3417 437 3484 878.
460 3435 489 3484 n.
512 3419 538 3485 1.
568 3421 704 3500 ablegari
725 3421 836 3501 possit.
871 3421 1040 3488 booentum
1067 3428 1158 3508 hujus

54 3551 355 3569 ———-——-—---

126 3620 171 3684 10)
195 3617 342 3672 Fluviorum
359 3621 463 3674 nomlna
481 3619 591 3676 lortasse
611 3620 643 3674 ab
658 3621 720 3690 ipse
737 3626 764 3676 et
780 3619 876 3690 ἄρδω,
894 3619 965 3676 unde
987 3624 1085 3691 antiqui
1099 3626 1157 3698 ''Ap-

60 3702 161 3766 δησκον
187 3704 344 3757 nominatum
370 3709 460 3772 putant
485 3710 512 3760 et
536 3704 700 3760 Arethusam.
737 3705 873 3773 Ἀρσίννος
895 3705 975 3758 lusor.
993 3719 1018 3758 n.
1040 3710 1112 3766 1570.
1131 3711 1157 3766 b,

62 3800 86 3854 p.
105 3786 165 3842 748.
185 3784 227 3851 [et
239 3785 376 3856 Ἀρσινόη)
395 3786 441 3839 τὸν
458 3786 601 3859 ἀερσίνοον
619 3789 766 3856 significare
786 3791 882 3855 potest.

126 3869 171 3936 11)
195 3865 292 3925 Coraes
318 3873 344 3925 in
366 3871 497 3926 diecti.
520 3873 567 3927 lll.
586 3888 611 3942 p.
636 3873 694 3928 252.
720 3870 789 3940 apud
812 3868 948 3924 Attianum
971 3875 1093 3932 Φυσΐνος
1115 3876 1159 3932 vel

63 3955 197 4010 Φυσινονς
213 3954 378 4009 scribendum
395 3955 508 4023 putabat.
1042 3974 1045 3981 ·

126 4038 172 4105 12)
197 4035 297 4092 Vitiosa
314 4041 439 4107 Κριτίνης
454 4041 578 4108 scriptum
596 4042 637 4094 esi
655 4042 682 4094 et
700 4041 823 4106 Κριτινία
842 4053 889 4107 pro
909 4040 1038 4108 Κρητινία
1059 4056 1074 4097 a
1089 4039 1158 4100 Cre.

64 4122 177 4176 tensibus
195 4121 301 4175 condita
319 4120 440 4190 Apollod.
459 4123 505 4178 lll.
525 4124 549 4192 2,
571 4124 594 4180 1.
614 4126 641 4178 et
657 4121 747 4189 Stepb.
