2750 4994
202 231 263 295 DE
283 227 501 295 NOMINIBUS
522 225 564 290 IN
582 224 606 288 ῦ
625 220 885 288 EXEUNTIBUS.
913 221 945 285 C.
968 220 1017 284 lll.
1100 217 1165 285 197

58 413 80 460 c.
104 396 154 460 xl.
183 395 263 462 800.
288 397 321 460 T.
347 394 397 459 Vl.
427 398 459 458 et
486 385 572 467 οἶνος
600 383 797 470 Περπερηνός
823 404 880 468 pro
912 387 1099 467 Περπερῖνος
1127 381 1165 446 1111

55 495 144 559 lietb.
168 495 247 559 Cur.
268 494 332 559 Xll.
353 495 382 576 l,
403 493 474 560 833.
497 494 529 556 Τ.
549 490 586 556 ll.
607 489 798 554 bomotouou
819 485 904 548 urbis
925 485 1041 549 nomini
1056 489 1090 546 ut
1103 485 1165 545 Xo-
1201 502 1203 506 ¹

52 589 207 678 λοβοτηνή
232 630 276 642 -
296 590 332 658 τὸ
353 588 482 656 eeucado
502 586 617 673 ὁμοίως
644 582 695 651 διὰ
713 580 772 668 τὴν
797 579 953 664 πρόληψιν
976 583 1043 667 (τῆς
1063 603 1161 645 κατα-

51 689 179 776 ligares)
203 689 243 756 ἐν
263 694 308 780 τῷ
326 687 519 777 πρατοτύπῳ
541 697 572 753 et
592 678 747 771 Σιβερηαὴ
767 680 803 746 τὸ
831 677 960 746 {boando
981 677 1162 765 Σιβερηαός·

50 788 305 876 τροιιατελήφθη
324 785 384 874 γὰρ
408 785 427 854 ὁ
447 786 544 864 τύπος
564 785 598 852 ἐν
618 788 662 874 τῷ
683 777 875 867 πρωτοτύπῳ
899 782 1003 861 Steph.
1014 782 1042 822 ¹⁰
1074 778 1161 844 Unde

50 891 121 971 quid
144 892 276 956 differat
294 885 490 972 Ἀγκυραοός,
512 891 620 971 paucis
642 882 813 966 explicabo.
857 881 1031 961 Stephanus
1053 897 1078 942 s.
1092 874 1163 958 ”Ap-

48 1013 130 1073 αυρα
152 1009 197 1054 ea
221 1008 302 1072 quae
323 1009 342 1054 a
362 991 496 1070 genitivo
521 1005 598 1071 puro
621 985 761 1066 prolecta
782 981 853 1061 siut,
873 979 905 1042 iu
927 979 1093 1062 penultima
1115 977 1164 1040 al-

48 1090 109 1170 pha
130 1091 269 1170 longum
291 1097 322 1154 et
343 1091 495 1171 primitivo
518 1104 579 1152 una
593 1081 713 1164 syllaba
734 1081 841 1163 plus1¹
861 1079 975 1142 babere
994 1077 1067 1142 dicit
1083 1071 1163 1140 Ἀστ-

48 1185 134 1268 ανός,
159 1185 357 1271 Καρδιανός,
382 1183 541 1270 Παριανός
562 1191 620 1249 etc.
642 1198 738 1263 quare
759 1174 938 1262 Βοτρυηαός
965 1176 1068 1258 culpat
1090 1182 1168 1239 tan-¹

49 1305 141 1368 quam
168 1284 360 1371 παραλόγως
386 1289 496 1352 lictum.
539 1286 609 1365 lpse
637 1275 996 1362 1αο1οοΔιηνόςα1α11
1024 1291 1063 1338 ex
1092 1276 1161 1357 epi-

49 1395 229 1466 grammate
257 1387 348 1450 Antb.
370 1384 509 1468 Append.
530 1401 560 1447 n.
583 1381 653 1446 253.
682 1378 805 1442 dialecti
834 1379 954 1441 ratione
981 1380 1160 1438 excusatum

51 1493 83 1548 ut
100 1481 255 1570 Ἀριηαός
281 1487 408 1565 Dionys.
436 1503 464 1550 r.
488 1482 576 1548 1098.
594 1472 753 1560 Ἀὁριηαός
774 1479 845 1542 Eur.
867 1477 959 1558 Hipp.
981 1471 1051 1538 736.
1079 1471 1165 1536 baud

52 1594 226 1651 constante
249 1593 365 1667 tamen,
387 1601 457 1647 uam
481 1575 600 1654 Κιααός
621 1578 769 1658 scriptum
791 1583 841 1640 est
861 1573 1006 1655 Apollou.
1027 1573 1048 1636 l.
1072 1571 1160 1635 1354.

53 1691 82 1746 et
104 1680 308 1767 Βακτριανός
334 1684 447 1748 Herod.
476 1683 497 1748 l.
525 1680 574 1744 92.
605 1677 656 1758 qui
684 1670 862 1757 Σαρδιηαός
890 1672 991 1736 dicere
1020 1670 1101 1734 solet
1130 1676 1161 1732 et

50 1774 274 1868 Ὀλυμπιηνός,
296 1778 476 1864 Ματιηνός,
498 1780 590 1860 idque
618 1774 696 1838 adeo
726 1774 872 1838 Straboni
901 1770 1041 1834 adhaesit
1068 1768 1089 1831 Ι.
1110 1767 1159 1832 49.

53 1883 107 1946 sed
130 1885 332 1968 redarguitur
352 1880 561 1962 compluribus
583 1873 732 1954 exemplis
753 1872 906 1952 legitimae
928 1870 1044 1932 formae
1058 1869 1160 1928 Ματι-

54 1978 136 2056 ανός.
186 1982 268 2047 Idem
289 1982 527 2063 Etbuograpbus
539 1972 658 2054 Ἴστρος
676 1967 728 2035 καὶ
737 1964 857 2052 Ἰστρία·
871 1966 907 2031 τὸ
920 1959 1047 2029 edocebo
1054 1957 1159 2043 Ἰστρι-

55 2076 129 2154 ανός
160 2079 218 2145 καὶ
253 2077 332 2144 κατὰ
352 2075 470 2163 τροπὴν
487 2069 665 2157 Ἰστριηνός,
698 2070 780 2152 quod
806 2076 839 2133 'et
867 2071 899 2131 in
926 2066 1013 2129 libris
1041 2063 1169 2127 nostris>

55 2177 170 2260 legitur
201 2186 231 2244 et
258 2182 291 2244 in
317 2181 447 2244 nummis
474 2197 502 2242 u.
531 2173 656 2240 Eckbel.
677 2171 782 2234 Doctr.
803 2170 838 2233 ll.
863 2168 910 2232 13.
934 2171 964 2228 et
992 2162 1072 2226 idem
1100 2161 1169 2228 alia

56 2274 203 2362 Μαρσύα
222 2272 259 2343 τὸ
279 2273 408 2342 levando
427 2269 623 2359 Μαροαηνός
635 2272 679 2357 τῷ
699 2269 754 2352 τῆς
771 2261 872 2341 Ἀσίας
889 2261 988 2352 τύπῳ,
1011 2264 1159 2342 Βολογεσ-

58 2373 124 2452 στάς
147 2373 402 2460 Βολογεοοιηαός,
426 2371 522 2458 trecop
544 2365 709 2453 Βιζαηνός,
732 2384 788 2449 pro
811 2383 872 2447 quo
895 2366 926 2428 in
947 2361 1077 2427 nummis
1099 2362 1160 2423 Bc-

57 2473 171 2551 ζαανός
198 2477 343 2560 legimus,
371 2477 571 2556 similiterque
600 2461 781 2551 Γορὸαηαός
800 2463 959 2529 'Plutarcb
988 2453 1160 2540 Μοτοηνός

58 2574 145 2641 Diod.
170 2576 248 2640 Xlll.
271 2575 320 2641 63.
342 2577 417 2641 XlV.
441 2577 490 2641 52.
507 2577 595 2654 cujus
617 2569 678 2632 alia
699 2569 798 2631 forma
818 2567 984 2637 Μοτυαῖος
999 2561 1156 2641 Stephano

57 2677 199 2758 probata,
218 2671 385 2758 Ἀροαηνός
407 2675 511 2740 Galen.
533 2670 624 2736 Metb.
646 2667 715 2732 Gur.
736 2665 799 2729 ΧΠ.
822 2665 851 2740 4,
865 2661 935 2726 833.
951 2662 983 2726 T.
991 2661 1059 2726 X.¹²
1073 2661 1158 2739 Καρ-

58 2769 194 2858 δουηοός
222 2773 335 2838 Zosim.
364 2775 485 2840 111.31.
508 2771 627 2853 (omiss.
655 2768 688 2829 in
717 2763 820 2845 Thes.)
850 2756 1022 2844 Κααοηαός
1047 2758 1155 2838 Polyb.

122 2992 168 3059 10)
194 2990 240 3044 Sic
258 2993 336 3046 etiam
352 2986 477 3057 Αῐαμήνη
498 2985 562 3054 (sic)
583 2978 823 3050 Aiuppodcstepb.
844 2974 890 3031 sed
906 2975 957 3029 alia
968 2970 1173 3042 quadrisyllabo

60 3079 180 3130 crescunt
195 3072 343 3144 Κορομάνη
362 3065 557 3141 Κορομανηνός
577 3072 627 3123 etc.

122 3158 169 3226 11)
193 3160 319 3214 Σπανίως
337 3155 367 3208 δὲ
387 3154 449 3207 dccl
466 3152 611 3219 συλλαβαῖς
626 3143 775 3217 περιττεύει
792 3143 827 3202 ὡς
842 3141 872 3194 τὸ
888 3136 1053 3210 Τααριανός,
1071 3141 1156 3208 teop-

59 3240 162 3300 πιααός,
174 3238 321 3309 Ζαγιανός,
341 3237 409 3306 αἵπερ
428 3234 543 3290 ἀπὸτοῦ
556 3235 693 3302 Σκορπίοο
711 3230 758 3283 καὶ
774 3225 890 3297 Ταύρων
902 3225 948 3277 καὶ
959 3221 1058 3292 Ζαγῶν
1069 3217 1156 3290 παρά·

60 3343 117 3392 γεια
141 3323 248 3376 ἐοίκασι
267 3321 407 3390 (εἰώθασι)
426 3318 567 3388 δυνάμενα
593 3317 639 3369 καὶ
659 3313 727 3366 αὐτὰ
756 3310 809 3364 ἀπὸ
825 3311 965 3379 προτέρων
980 3301 1159 3374 παράγεσθαι

61 3409 186 3468 τοπικῶν,
205 3410 328 3476 Ζογίωα,
345 3407 498 3475 Σκορπίων,
516 3403 654 3470 Ταορίων,
680 3397 725 3451 ubi
749 3395 827 3449 facile
851 3397 925 3447 esset
948 3391 1079 3456 corrigere
1103 3385 1157 3438 ἀπὸ

60 3493 111 3544 τῶν
127 3489 272 3558 Σκόρααν,
291 3492 314 3544 si
331 3488 409 3543 modo
426 3499 563 3542 nossemus
580 3484 695 3551 Scorpus
717 3479 761 3535 vel
776 3477 899 3544 Scorpios
923 3474 966 3528 uel
983 3471 1158 3538 scorpionum,

61 3589 115 3630 uam
121 3577 300 3644 Σκοραιαναί,
317 3572 426 3640 quodcr
434 3569 566 3626 Herodoto
579 3567 661 3632 allbrt,
673 3579 724 3618 uon
734 3563 871 3630 reperitur.
888 3560 914 3616 Is
923 3559 1002 3625 igitur
1017 3555 1155 3621 scripsisse

62 3660 162 3714 ridetur
187 3655 273 3726 ὥςπερ
299 3655 352 3708 ἀπὸ
376 3655 425 3706 τοῦ
449 3651 557 3723 Κάρποι
584 3647 738 3720 παράγεται
761 3641 880 3713 Κάρπιοι
914 3641 960 3693 καὶ
993 3638 1155 3706 Καρπιανοί,

65 3743 193 3798 ethnicum
211 3740 243 3794 ab
263 3740 366 3796 ethnico
384 3743 413 3792 tlt
429 3735 534 3807 Σόγδοι
550 3732 665 3803 ibydem
681 3727 839 3798 Σογδιανοί.

125 3827 171 3892 12)
195 3823 266 3880 Male
283 3817 477 3893 111αἈρσοιαόι
497 3818 593 3874 editum
608 3819 648 3872 est
660 3819 687 3870 et
704 3827 755 3868 11011
769 3815 841 3864 recte
853 3803 1006 3876 Ἀρσοιὶνιος
1019 3803 1052 3858 de
1065 3801 1155 3870 Comp.

64 3909 183 3978 ploce.
203 3907 237 3962 ll.
260 3909 320 3964 51⁷.
339 3905 367 3960 T.
386 3903 441 3958 Xll.
460 3898 604 3979 ’Apccqode
619 3897 766 3966 Stephanus
793 3907 826 3948 ex
839 3887 1010 3960 Ἀρσατιηαός
1034 3890 1156 3940 contrac-

66 3985 556 4058 111111ᾶίοἱὶκατάοογκοπὴντῆςσι.
588 3977 797 4051 Καρδοαηνόςα
819 3976 915 4030 celetis
940 3971 1026 4027 dillert
1052 3967 1158 4024 delectu

66 4077 184 4144 primitivi
203 4079 232 4128 ut
249 4068 397 4141 Γαραιηνός
414 4069 546 4138 proprium
562 4067 611 4121 viri
629 4070 657 4121 et
673 4065 725 4119 alia
743 4076 810 4131 quae
824 4059 909 4115 omisi.
