2770 4992
218 247 270 312 DE
292 245 434 313 uuum.
454 246 496 310 IN
515 233 555 311 ιῖλ
574 245 835 314 EXEUNTIBUS.
870 249 902 314 C.
920 251 940 315 l.
963 257 992 326 s.
1006 251 1035 317 5.
1136 255 1182 326 99

74 408 156 478 θέσει
169 407 223 478 διὰ
236 411 452 494 santumnium
465 407 682 495 puttproestii
722 412 799 490 Nam
812 415 997 498 φυτολλμιος
1011 417 1087 483 illuri
1098 421 1181 503 quud

75 513 227 596 lteisigius
250 512 367 576 Comm.
390 510 465 577 unu
486 512 520 578 C.
542 529 572 594 p.
592 510 642 576 ui.
664 510 806 592 exemplo
835 531 941 594 parum
968 523 1042 598 apto
1063 514 1182 586 mant

75 635 140 695 μιος
161 610 320 694 defendit,
347 609 531 674 nonninus
554 610 717 674 barbarum
741 618 790 675 est
812 629 902 694 qoam
929 617 1074 698 μονίμους
1100 621 1181 686 forat

75 711 120 774 rel
140 710 324 793 κυδαλίμως
345 708 467 774 aliudve
486 709 535 774 bis
558 709 665 772 simile.
708 710 753 773 De
774 712 938 776 metathesi
960 717 1043 796 quod
1066 718 1179 805 dieunt,

74 809 149 874 idern
171 809 234 874 diei
256 814 364 890 potest
384 807 422 872 de
449 803 637 889 ψευδολλμισς
657 807 729 874 lles.
759 809 810 873 ubi
831 810 966 878 Vossius
992 813 1180 901 ψευθάλιμυς

74 909 165 974 serini
186 908 265 992 vult,
288 906 386 986 deque
407 908 559 971 similibus
581 900 724 1002 aninmo-o
739 916 770 972 et
789 900 941 992 ιὀιέσιμος,
964 910 1127 999 γιράσμιος
1148 926 1179 983 ot

75 1003 261 1090 iconismos,
283 1006 344 1068 nisi
365 1006 469 1086 potius
491 1021 571 1089 quae
591 1008 623 1070 in
644 1021 732 1088 σιμος
753 1016 881 1092 exenni,
914 1027 932 1073 a
953 1016 1057 1080 verbis
1080 1024 1179 1083 ortum

74 1106 195 1190 babent,
219 1122 300 1187 qnae
321 1105 353 1167 in
376 1091 464 1186 σμιο-ἶς
477 1122 496 1169 a
509 1106 725 1188 substantivis,
744 1105 848 1186 qualia
860 1107 1035 1179 isoteleutis
1049 1111 1179 1202 δέσμιος,

73 1201 261 1289 ammosa
288 1199 454 1287 πλήσμιος,
482 1196 674 1288 &amionem
695 1211 753 1268 eto.
774 1205 827 1268 vel
845 1223 884 1270 ex
903 1225 964 1272 usa
983 1212 1033 1276 vel
1054 1231 1092 1277 ex
1113 1222 1180 1280 arte

24 1363 25 1368 ,
74 1311 271 1386 praestruam
292 1311 373 1368 sunt.
415 1303 532 1368 Deinde
551 1310 585 1367 ut
607 1305 646 1369 ab
667 1298 786 1386 ἄχυρον
804 1306 991 1388 interposito
1016 1327 1068 1392 my
1088 1305 1180 1396 aizoo·

73 1399 123 1484 pri
145 1411 177 1468 et
199 1396 362 1485 ἀχύρμως,
385 1410 416 1466 et
437 1418 456 1467 a
476 1399 584 1466 uitio
603 1398 799 1485 βιοθάλμιος,
819 1401 1001 1487 ζωθάλμιος,
1022 1407 1179 1476 uolebat.

72 1523 154 1584 μιος,
185 1503 234 1567 sio
263 1519 282 1566 a
310 1497 449 1585 φύιολος
477 1509 577 1566 ortum
606 1501 666 1566 dioi
688 1508 794 1583 potest
816 1500 995 1584 φυτάλμιος.
1037 1507 1097 1572 Pro
1119 1531 1179 1592 pro

23 1617 24 1624 ¹
71 1598 194 1684 ιλιιμος
216 1607 320 1666 autern
340 1603 372 1665 in
393 1602 451 1666 vit.
471 1603 557 1666 Aret.
579 1618 609 1682 p.
629 1600 700 1665 tto,
722 1599 769 1666 eu.
790 1601 1021 1684 unitatisque
1035 1605 1115 1671 loeis
1129 1609 1179 1676 rel

71 1697 245 1783 φυτάλμιος
268 1701 363 1766 soribi
385 1707 511 1782 oportet
531 1699 581 1766 vel
601 1695 777 1783 φιιολλιμος,
806 1699 890 1781 quod
918 1701 1006 1768 oodd.
1028 1707 1178 1784 praebent

23 1797 24 1812 ¹
73 1801 179 1867 Polll
195 1802 249 1865 24.
269 1801 395 1865 Cornnt.
414 1799 505 1864 llllll.
521 1805 552 1864 et
572 1799 754 1864 testiiieatnr
775 1800 840 1864 EM.
854 1799 873 1864 l.
890 1817 916 1864 o.
930 1803 1033 1866 verbis
1049 1813 1178 1885 postre-

23 1879 24 1952 Ῑ
72 1902 126 1966 iuis
146 1895 300 1974 πολλάκις
321 1893 355 1963 ii
373 1895 426 1962 καλ
451 1899 550 1982 τροπῇ
577 1892 748 1981 φιτιλλιμος.
789 1898 867 1962 Nam
892 1898 967 1962 illud
995 1917 1014 1963 a
1039 1898 1178 1982 φύοοιλος

74 1999 242 2064 derivatum
270 1999 451 2063 neoessan‘o
480 1999 608 2078 primam
635 1998 775 2061 similitor
806 1996 851 2059 illi
880 1997 1008 2061 haberet
1034 1999 1176 2085 brevem3

73 2098 152 2180 qnod
182 2105 335 2178 repugnat
363 2097 534 2178 analogiae.
576 2096 753 2178 Eademque
773 2096 842 2176 lege
869 2102 1011 2160 tenentur
1039 2103 1177 2180 quaein

73 2183 161 2274 υἶιῖς
178 2197 299 2262 deuexa
320 2204 392 2260 sunt
412 2204 474 2261 tam
496 2196 590 2260 ubere
612 2201 764 2275 prouentu
785 2202 821 2258 ut
846 2196 876 2258 in
906 2195 1026 2261 classes
1055 2197 1177 2264 aeson-

23 2323 24 2380 3
72 2298 170 2363 banda
199 2296 300 2360 sint⁴²
328 2300 596 2376 praemonstrante
624 2293 689 2357 EM.
719 2301 750 2357 et
779 2293 874 2358 Suida
903 2313 928 2359 s.
944 2288 1114 2378 Ῥυγαλλος
1135 2333 1176 2348 -·

71 2399 168 2461 ταῦτα
190 2389 253 2458 ἀπὸ
274 2396 370 2476 τριῶν
389 2389 580 2476 ποιράγουται
600 2393 717 2474 μεροῖν,
740 2385 803 2456 ἀπὸ
831 2386 985 2476 ὀνόματος
1011 2392 1175 2484 perpetim,

72 2490 130 2562 ἀπὸ
153 2491 294 2577 ῥήματος
315 2487 461 2571 οἰδαλέος,
483 2486 547 2556 ἀπὸ
567 2487 772 2573 ἐπιόρήματος
785 2488 961 2575 ῥιμφαλλος.
1003 2496 1176 2578 Paronyma

22 2619 23 2672 p
72 2613 90 2660 ο
118 2592 327 2660 substantivis
355 2593 472 2674 prinae
493 2591 715 2656 rleetiuationis
747 2599 819 2655 sunt
853 2586 1003 2674 υύχαλλος
1035 2595 1175 2680 Xenopb.

72 2695 188 2776 Fragm.
209 2692 273 2757 XX.
295 2691 344 2756 65.
369 2685 559 2774 asperiter,
586 2688 779 2768 κυιοοαλλος,
807 2688 990 2771 tessellae,
1016 2692 1173 2779 ληρυλέυς,

72 2789 246 2871 ιιτοιολέος,
268 2784 434 2875 polimina,
456 2784 623 2874 φριυαλλος
638 2807 666 2855 v.
688 2789 841 2855 Weruioli.
864 2790 903 2856 ari
925 2793 1036 2874 Trypb.
1060 2814 1088 2861 v.
1104 2796 1173 2863 195.

134 3059 181 3127 40)
208 3059 282 3122 Quae
301 3055 463 3126 praecedunt
478 3056 559 3112 verba
579 3054 617 3107 oi
637 3051 708 3106 κατὰ
734 3051 783 3105 τὸν
808 3051 964 3123 φυτάλμιον
982 3059 1031 3108 Δία
1050 3056 1173 3112 trinita

73 3138 86 3205 ἢ
104 3141 277 3211 ἐιυμολογίιι.
312 3141 358 3192 Ἐκ
375 3140 421 3203 τῆς
441 3137 541 3208 portes
559 3137 592 3191 (tt
607 3143 658 3194 ote.
683 3137 747 3190 nihil
767 3137 933 3193 dubitationis
951 3138 1078 3197 baberent
1095 3146 1117 3197 si
1136 3145 1173 3198 ita

73 3230 142 3281 esset
159 3227 284 3294 scriptum
302 3222 332 3274 οὐ
350 3221 419 3276 κατὰ
441 3221 488 3273 τὸν
509 3219 666 3292 φυτάλμιον
680 3219 854 3279 Ποσειδῶνα,
880 3235 938 3274 nani
958 3221 1026 3278 bunc
1044 3225 1121 3280 deum
1139 3226 1171 3282 ub

73 3305 140 3376 ἅλμη
159 3309 195 3363 ita
213 3308 421 3374 cognominatum
440 3320 500 3361 esse
520 3304 686 3361 crediderunt
710 3305 789 3372 aliqui
814 3307 995 3372 grammatices
1021 3309 1103 3375 ignari
1121 3325 1172 3364 norr

73 3389 119 3444 bae
137 3391 241 3446 demum
260 3395 346 3445 aetate
365 3388 412 3444 sed
430 3388 571 3442 Pausanias
584 3401 698 3458 quoque,
717 3390 739 3442 si
752 3387 832 3443 verba
847 3391 905 3456 ejns
918 3391 981 3442 satis
993 3391 1169 3459 intelligimus.

73 3471 184 3529 Forsitan
202 3473 267 3527 nihil
287 3472 358 3528 atiud
376 3471 425 3526 nisi
449 3473 551 3526 initium
577 3472 725 3526 mutandum
748 3476 789 3526 est
810 3477 950 3539 negatione
974 3476 1086 3541 omissa;
1113 3491 1171 3530 nam

73 3557 137 3616 Ζεὺς
162 3556 317 3628 φυτάλμιος
339 3571 390 3610 non
415 3556 490 3612 aliter
515 3556 610 3611 dicitur
636 3570 714 3624 quam
732 3553 882 3624 φυτάλμιυι
906 3561 1028 3625 parentes
1048 3557 1171 3627 idemque

74 3639 163 3708 φιλτιος
183 3647 210 3696 et
227 3640 326 3694 Latona
346 3643 438 3708 morio.

133 3742 178 3810 u)
201 3740 269 3794 Hine
283 3741 415 3808 proprium
429 3739 639 3808 Ἐρυσμονίλης,
666 3739 735 3808 qnod
758 3751 809 3792 noa
831 3741 962 3808 proprium
982 3737 1029 3794 sed
1048 3740 1169 3808 appella-

75 3825 144 3878 trmn
162 3837 225 3880 esse
252 3821 385 3878 contendit
408 3821 536 3890 Bergliios
562 3823 595 3879 (le
619 3824 703 3892 Reliq.
731 3821 805 3876 Com.
828 3836 855 3891 p.
871 3823 898 3880 8.
925 3821 1018 3876 duetus
1043 3823 1169 3891 exemplis

76 3903 236 3962 absimilibus
255 3920 324 3974 puae
345 3905 378 3959 ad
399 3905 442 3972 Al.
459 3906 518 3964 880.
539 3908 620 3964 attuli.

133 4007 179 4075 42)
204 4005 350 4071 Barlems,
375 4017 453 4072 quem
471 4004 589 4060 Osannus
614 4005 648 4060 aii
664 4005 774 4061 Pbllem.
792 4017 819 4072 p.
837 4003 879 4060 ii.
900 4002 933 4058 de
951 4006 1060 4058 accentu
1076 4001 1168 4056 horum

76 4091 196 4144 nominum
215 4091 324 4158 egregie
344 4088 491 4157 disputasse
511 4091 560 4157 ait,
579 4094 689 4157 quatuor
705 4087 782 4143 nudis
799 4087 931 4234 exempli?
940 4085 1081 4209 geruncus
1100 4089 1149 4139 est.
