2758 4994
159 280 212 344 DE
233 277 451 346 NOMINIBUS
473 277 515 342 ΙΝ
534 277 555 342 ν
576 275 834 342 EXEUNTIBUS.
859 277 950 343 cvl.
972 283 1002 354 ς.
1016 277 1044 343 2.
1094 275 1162 342 287

40 464 147 510 nnum
168 451 256 510 extat
276 437 454 527 ύνδροσύνη
479 446 511 508 in
530 442 658 506 oracnlo
672 442 786 506 Euseh.
802 443 849 508 Pr.
863 443 917 508 hv.
929 445 964 508 ll.
977 441 1027 523 28,
1041 441 1111 507 225.
1127 442 1160 506 C.

41 553 76 608 et
99 545 196 610 Diod.
218 545 312 608 llroc.
326 545 388 608 Vll.
404 544 433 609 2.
448 545 481 607 ln
496 545 569 624 lllaji
584 544 712 607 Colleot.
739 541 850 622 Script.
868 543 901 606 Τ.
916 541 952 606 ll.
974 541 1046 623 p.·2.
1070 541 1109 604 ab
1120 575 1159 604 -·,·

38 633 96 719 αἰς
119 639 302 726 παισοσύνη
322 643 455 708 hlanoth.
470 645 508 708 ab
523 629 610 718 -ξ
624 636 801 724 μαντοσύνη
821 641 907 705 Pind.
933 646 964 705 et
980 637 1107 719 Emped.
1129 645 1160 702 et

38 738 268 826 θεμιστοσύνη
290 741 382 823 Orph.
406 742 442 806 ll.
465 741 503 806 ab
526 741 686 821 adjectivis
708 734 891 824 ύληθοσύνη
913 740 1048 819 Theogn.
1077 757 1159 800 που·

41 836 307 926 λυμαθημοσύνη
337 842 421 904 Timo
450 840 563 904 Philas.
592 846 622 902 et
650 831 819 919 ἆϊδροσύνη
841 837 907 902 ΕΜ.
927 835 983 918 42,
1001 835 1051 899 43.
1092 835 1159 904 Hoc

40 951 157 1006 antem
178 957 277 1022 genus
300 940 475 1003 universum
496 954 557 1018 qno
579 936 758 1000 familiarius
780 943 829 1000 est
848 937 968 1017 poetis,
1001 951 1039 998 co
1059 936 1159 1001 minus

41 1043 203 1105 convenit
224 1042 390 1102 accuratae
412 1043 442 1098 et
464 1036 580 1115 politae
602 1035 744 1099 orationi.
790 1032 881 1116 Apud
903 1035 1017 1098 atticos
1039 1033 1159 1115 quiden

40 1142 229 1221 scriptores
251 1151 343 1198 unum
365 1135 518 1214 reperitur
540 1134 671 1214 simplex
691 1127 882 1215 δικαιοσύνη.
929 1132 1037 1227 Nepte
1059 1149 1160 1212 capu·

43 1238 117 1301 lata
139 1237 184 1298 illi
206 1240 410 1315 susceperunt
431 1233 493 1295 nisi
513 1249 551 1296 ea
572 1249 650 1313 quae
672 1232 711 1295 ab
733 1231 894 1312 adjectivis
915 1232 947 1295 in
967 1252 1014 1295 ων
1041 1248 1160 1296 exenn-

46 1337 140 1400 tibns
162 1335 302 1399 derivata
324 1339 411 1411 sunt3
447 1331 535 1394 Plato
557 1331 651 1395 haec:
679 1325 862 1413 ἀφροσύνη,
884 1323 1075 1413 εὐφροσύνη,
1094 1346 1159 1396 σοι,

45 1431 201 1518 φροσύνη
218 1451 246 1496 v.
269 1431 425 1496 Benseler.
448 1430 486 1494 ad
507 1430 603 1494 lsoor.
618 1431 671 1493 Ar.
693 1429 763 1494 363.
778 1423 1158 1515 ἀλλοτριοπραγμοσύνην

47 1534 271 1598 Grammaticis
294 1537 451 1594 enolatnm
471 1546 499 1594 v.
522 1528 699 1593 Schneider.
720 1527 759 1591 ad
781 1527 844 1592 Clv.
865 1528 913 1591 lv.
926 1528 996 1594 tlt.
1010 1530 1051 1595 Β.Ι
1068 1525 1159 1614 ἀσχη-

46 1629 193 1716 μοσύνη,
216 1623 451 1712 εὐσχημοσύνη,
473 1623 726 1710 φιλοχρημοσύνη
746 1634 776 1690 et
797 1618 1077 1712 ἀνεπιστημοσύνη,
1098 1633 1158 1706 he

47 1734 182 1796 sehines
216 1723 425 1811 ἀγνωμοσύνη
456 1735 486 1791 et
514 1721 802 1809 ἑτερογνωμοσύνη,
834 1724 1007 1807 Xenophon
1033 1734 1159 1812 μεγολο.

48 1824 245 1913 γνωμοσύνη
268 1835 299 1892 et
319 1821 557 1910 εύθημοσύνη,8
575 1823 687 1907 Lysias
709 1842 738 1905 p.
756 1824 803 1905 17,
818 1824 845 1888 1.
865 1827 1157 1914 πολοπιραγμοσύνη,

48 1929 282 1995 Demosthenes
304 1920 597 2008 κακοπραγμοσύνη,
626 1917 917 2008 φιλοπραγμοσύνη,
937 1925 1159 2012 αἰσχροῤῥημη.

51 2026 137 2112 σύνη
160 2030 205 2109 (in
226 2027 357 2109 Epist),
379 2026 459 2090 idem
481 2031 511 2088 ot
529 2025 686 2090 Isocrates
707 2020 1016 2109 φιλαπεχθημοσύνη,
1040 2029 1158 2110 Thucy·

51 2129 143 2194 didos
165 2129 187 2192 l.
209 2127 258 2191 32.
280 2119 504 2207 ἀπραγμοσύνη
526 2131 557 2188 ct
578 2125 612 2188 V.
629 2127 657 2190 7.
678 2119 963 2208 ἀνεπιστημοσύνης
984 2127 1095 2207 quibus
1117 2131 1158 2192 si*
1212 2139 1216 2148 '

52 2230 139 2291 milia
165 2226 262 2290 multa
289 2224 486 2305 suppeditant
515 2225 670 2288 extranei:
710 2217 909 2307 ἀκτημοσύνη
939 2225 1080 2290 Clemens
1109 2229 1157 2293 hl

52 2318 362 2406 draccoavpoypoodcp
391 2322 535 2387 Heraclii.
565 2323 664 2403 Epist.
690 2318 917 2407 incorporem
946 2324 1035 2404 Diog.
1062 2320 1158 2408 ἑτερο

53 2422 244 2508 γνωμοσύνη
271 2421 396 2501 loseph.
420 2415 650 2503 ἐχερῤημοσύνη
676 2421 835 2488 damblloh.
863 2420 1156 2509 ύσχνρογνωμοσύνη

53 2524 168 2601 Philo,
189 2516 458 2604 κοινονοημοσύνη
485 2521 523 2584 Μ.
545 2523 658 2585 Aulon.
689 2515 976 2605 ὀλιγοπραγμοσύνη
1003 2523 1156 2589 Plutarch
1175 2516 1178 2522 ’

55 2615 328 2704 ὁμοιοσχημοσύνη
355 2621 484 2683 Aristot.
514 2615 720 2702 συμφροσύνη
748 2622 879 2702 Appian.
910 2639 948 2685 ex
976 2623 1158 2704 simplicium

55 2737 183 2785 numero
207 2713 400 2800 ούὸημοσύνη
421 2717 515 2801 Zeno,
537 2712 692 2802 ύστοσύνη
712 2720 818 2784 Liban.
841 2721 874 2783 T.
898 2720 919 2785 l.
943 2720 1012 2786 322.
1033 2723 1068 2785 ll.
1084 2722 1155 2789 362.

57 2838 115 2901 quo
140 2819 213 2882 loco
230 2818 364 2882 Thomas
378 2812 559 2900 ύστειοσύνη
582 2819 664 2902 legit,
681 2815 841 2901 γειτύσννη
859 2819 960 2884 Strab.
993 2821 1158 2888 Snnthaeo

56 2937 158 3000 panea
186 2934 225 2981 er
244 2933 355 2997 magno
379 2918 499 2981 cumulo
522 2918 683 3002 decerpta,
712 2916 882 3000 dequibus
906 2918 980 2982 nihil
1007 2919 1157 2986 alllrmare

57 3034 224 3099 possumus
246 3017 317 3080 nisi
331 3015 412 3096 quod
434 3015 473 3080 ad
494 3016 696 3082 damnandum
724 3035 830 3098 parurn
852 3022 916 3100 cst,
946 3034 1009 3080 non
1030 3020 1158 3098 reperiri
1189 3053 1195 3063 ·

57 3135 91 3181 ea
113 3115 197 3199 apud
218 3116 389 3198 locupletes
412 3123 575 3197 auctores3
609 3123 710 3180 rtrum
737 3133 811 3180 vero
841 3132 917 3180 casu
937 3118 1158 3199 praetermissa

57 3217 116 3280 sint
140 3232 181 3278 aa
201 3215 272 3296 quia
292 3217 391 3279 minus
413 3216 580 3298 placerent,
602 3216 777 3280 existimatu
799 3215 929 3279 difficile.
958 3215 1068 3280 Pollux
1085 3217 1157 3298 qni·-

57 3314 123 3379 dem
145 3312 256 3395 multa,
292 3331 371 3394 quae
392 3313 483 3378 hodie
507 3307 605 3378 testes
619 3313 728 3378 'nullos
751 3320 803 3376 aut
824 3315 924 3378 minus
945 3313 1076 3380 idoneos
1097 3317 1156 3382 ha-

57 3413 144 3496 hent,
165 3413 198 3476 in
218 3428 375 3476 nnmerum
396 3413 530 3493 recepit,
557 3410 616 3474 duo
638 3414 817 3492 reprobavit
837 3407 1039 3496 ύθεοιμοσύνη
1061 3415 1108 3480 IV.
1127 3415 1155 3480 9.

58 3520 85 3575 et
105 3507 389 3594 πικρογνομοσύνη
415 3512 457 3576 ih.
482 3511 529 3576 ta.
557 3509 640 3591 quod
665 3512 794 3576 insuave
815 3512 920 3576 auditu
941 3512 1029 3598 dicit,
1056 3514 1155 3580 simile

58 3604 266 3693 ἀγνωμοσύνη
284 3611 364 3674 nihil
390 3611 537 3692 culpans3
566 3610 627 3673 alia
648 3612 784 3675 tortasse
806 3611 1047 3694 praetereundo,
1075 3613 1155 3694 sicut

59 3726 217 3792 censores,
233 3711 332 3789 ejecit.
360 3709 523 3774 Nonnullis
543 3709 708 3774 Atticistao
728 3713 833 3772 notam
854 3725 1037 3791 apposuere.
1068 3710 1155 3775 'lho-

58 3827 122 3874 mas
143 3809 275 3872 ύππασύα
294 3808 462 3890 λογοποιοί,
484 3803 640 3891 ἱπποσύνη
660 3803 694 3872 δὲ
713 3807 843 3891 ποιηταί,
856 3843 897 3854 -
908 3803 1083 3894 χρηστότης·
1095 3801 1156 3876 οὐκ

119 4042 150 4109 8)
170 4037 382 4108 ιστιοσημοσύνη
402 4039 433 4094 ab
451 4038 579 4107 llomero,
605 4041 680 4108 cujas
698 4037 810 4094 lahnlam
828 4042 942 4114 enarrat,
963 4039 1088 4095 surnsisse
1110 4041 1155 4094 vl-

63 4123 140 4182 detor.
