2788 4986
255 283 310 348 DE
329 283 422 348 MUT.
444 281 600 346 TEHMIN.
623 281 773 348 crusis.
801 282 834 348 C.
848 282 868 348 t.
897 291 927 359 ς.
942 285 970 350 1.
1142 285 1166 352 9

9 471 10 500 ι
67 444 177 531 τόφρος
197 446 384 530 praebent³
409 448 576 512 Praeterea
595 447 773 512 Herodotus
794 449 889 513 utitur
910 449 1063 513 femininis
1083 449 1167 532 ολνη,

68 543 154 630 τομή,
182 541 298 631 dorp*
326 565 407 629 quae
427 547 580 610 Homerus
600 547 633 609 in
654 531 689 620 ος
711 547 868 631 terminat,
890 555 921 612 et
943 547 1026 628 quod
1047 549 1097 613 hic
1117 548 1168 613 di·

68 643 187 730 ο11όρη
207 649 318 712 κοίτου
340 645 396 712 od.
417 645 506 710 XVH.
528 645 598 710 510.
626 644 708 725 apud
728 645 812 733 ilium
835 651 884 709 est
905 641 971 728 ὥρη
990 648 1045 729 τῆς
1064 649 1169 732 κοίτης

67 745 146 812 tto.
167 746 225 812 sed
246 746 330 812 idem
351 747 443 810 etiam
463 748 576 822 κοῖτος,
599 739 674 826 ῥόος
695 750 726 807 et
746 738 838 824 χόλος
859 744 967 809 codem
989 763 1051 828 quo
1074 755 1168 828 poeta

66 862 169 925 genere
198 847 327 929 extudit,
360 838 500 918 κολωνός
530 859 605 906 ιντο
640 845 822 923 praeposuit
848 843 1006 908 homerico
1033 843 1168 931 κολώνη,

66 946 168 1027 unique
188 948 300 1026 generi
321 945 471 1008 adstricta
490 939 584 1005 habet
603 940 707 1023 βίοτος
728 947 759 1006 et
779 937 890 1023 πόθος,
913 959 993 1025 quae
1013 945 1065 1009 ille
1086 946 1168 1011 duo·

66 1044 117 1106 ius
143 1043 250 1108 diuisit
280 1042 407 1124 perinde
435 1047 469 1104 ut
495 1035 639 1122 φθόγγος
672 1046 704 1103 ct
737 1039 865 1125 φθογγη
892 1044 960 1107 sine
987 1042 1051 1107 ullo
1079 1048 1168 1112 metri

66 1143 277 1208 emolumento.
323 1141 415 1222 Apud
435 1141 655 1220 Hippocratem
675 1141 775 1220 χιόνος
795 1141 906 1222 legitur
927 1140 965 1205 de
987 1141 1077 1208 Cord.
1096 1143 1167 1212 485.

69 1241 129 1304 nt
150 1248 181 1305 et
200 1237 340 1322 τάραχος
360 1240 399 1305 de
419 1241 495 1304 Flat.
516 1238 586 1304 585.
610 1240 643 1303 T.
656 1240 678 1303 Ι.
700 1238 782 1319 apud
798 1242 965 1303 Aretaeum
984 1242 1088 1324 τρίβος
1109 1261 1168 1308 eo·

68 1337 129 1402 dem
153 1339 319 1403 intellectu
348 1357 410 1420 quo
437 1333 534 1420 τριβή.
589 1338 728 1419 Denique
759 1336 797 1402 de
825 1339 951 1402 ionibus
979 1343 1167 1408 contrarium

66 1441 239 1518 pronuntiat
263 1437 431 1518 Gregorius
452 1437 485 1500 ui
504 1433 696 1520 παρολήψεις
715 1438 779 1500 τόν
806 1430 976 1519 ἀρσενικόν
994 1432 1108 1505 Ἰόνιον
1128 1443 1168 1507 ελ

66 1537 118 1617 σίν,
137 1535 271 1620 ἕσπερος
289 1531 359 1601 ἀντὶ
378 1538 437 1601 τοῦ
456 1531 579 1615 ἑσπέρα,
602 1535 684 1616 quod
707 1544 755 1600 est
772 1537 959 1601 homericum
979 1539 1167 1621 exemplum:

65 1633 131 1712 ἔθος
148 1640 195 1725 τῷ
213 1639 331 1721 ποιητῇ
347 1631 387 1699 τά
406 1630 530 1718 θηλυκά
545 1628 713 1717 ἀρσενικῶς
726 1631 892 1718 προφέρειν
912 1632 1046 1718 ἕσπερος,
1067 1637 1166 1722 χόλος,

65 1732 151 1819 μόρος
170 1736 292 1801 Anccd.
315 1737 413 1801 cram.
435 1736 456 1800 l.
478 1734 548 1799 t23.
575 1730 675 1814 τάφος
703 1728 771 1797 ἀντὶ
797 1736 855 1798 τοῦ
874 1731 959 1819 ταφή
980 1731 1023 1811 ὦς
1042 1734 1168 1819 ἕσπερος

65 1834 111 1898 cut
128 1832 228 1911 πόλος
253 1835 358 1900 Schol.
379 1834 412 1899 lt.
433 1834 537 1898 ittltl.
558 1831 628 1898 619.
649 1827 707 1916 τὴν
727 1829 842 1917 Σάμην
862 1833 962 1918 εἴρηκε
982 1833 1095 1918 Σάμον
1114 1833 1167 1903 διὰ

64 1928 95 1997 τὸ
114 1929 226 2018 μέτρον
248 1931 304 1998 κοιλ
323 1929 381 2016 τὴν
401 1933 503 2015 δείλην
524 1932 639 1995 δείελον
660 1933 731 1998 Scir.
754 1933 809 1999 od
823 1934 885 1998 XV.
902 1933 950 1999 29.
968 1930 1027 2016 τὴν
1038 1936 1168 2017 aridolum

65 2033 201 2114 (α’όόραν)
231 2027 317 2097 εἶπεν
344 2027 459 2115 αἶθρον
486 2025 528 2105 τός
547 2027 649 2094 πόλον
672 2028 725 2093 καὶ
745 2031 860 2097 δείελον
879 2033 944 2098 ΕΜ.
966 2033 1015 2118 37,
1036 2036 1084 2101 tt.
1126 2037 1167 2102 nt

65 2136 153 2215 magis
181 2135 333 2198 universe
361 2131 392 2194 οί
416 2129 540 2213 ποιηταὶ
567 2126 716 2194 εἰώθασιν
742 2126 932 2194 ἐναλλάττειν
957 2126 997 2196 τά
1023 2128 1097 2217 γένη
1124 2129 1167 2212 ὦς

64 2229 141 2314 χάροι
160 2235 275 2317 χῶρος,
297 2224 363 2313 eivs}
383 2219 479 2304 ιόνοςὲ
501 2225 602 2305 οὕτως
620 2219 680 2294 οὖν
691 2226 743 2294 καί
756 2231 854 2314 Δίκτη
867 2227 921 2295 καὶ
933 2230 1048 2307 Δίκτος
1062 2234 1166 2302 schol.

65 2335 141 2398 drat.
162 2333 213 2398 33.
248 2332 300 2413 qui
322 2333 424 2412 aptius
452 2336 667 2413 comparasset
699 2331 802 2410 topica
823 2327 971 2414 Δρέπανη
993 2339 1023 2396 ct
1044 2328 1167 2413 Δρέπα-

64 2454 129 2511 νον,
160 2427 308 2513 carduo
329 2437 360 2494 et
384 2424 525 2509 Θάλνμοι
545 2447 573 2493 ν.
597 2429 766 2493 Tusciuok.
789 2428 828 2493 ad
850 2430 951 2496 Strab.
974 2432 1006 2496 Τ.
1026 2433 1073 2496 tlt.
1097 2433 1166 2499 163.

66 2531 178 2613 aliaque
203 2533 357 2621 locorum
379 2530 504 2593 nomina
532 2528 716 2609 indiscreta;
751 2545 822 2591 nam
843 2516 924 2603 όνος
945 2529 983 2594 ab
1005 2523 1071 2614 όνη
1093 2539 1165 2596 tau-

67 2635 120 2694 tum
141 2631 246 2694 differt
267 2636 412 2710 quantum
432 2633 519 2710 τῖμος
540 2643 559 2690 a
578 2622 666 2709 τιμή,
700 2643 759 2689 neo
785 2627 876 2707 plane
896 2628 977 2695 idem
999 2637 1047 2696 cst
1067 2632 1166 2713 χῶρος

66 2737 91 2792 et
110 2724 203 2812 χώρα,
229 2729 287 2794 sed
306 2728 381 2792 iilud
403 2728 494 2808 vulgo
517 2725 638 2808 quidem
660 2728 821 2805 angustius
843 2728 985 2808 quiddam
1006 2732 1166 2811 magisque

65 2829 326 2910 circumscriptum
348 2827 474 2892 denotat
497 2827 560 2889 tere
582 2832 615 2888 ut
636 2811 718 2907 όρος
738 2825 777 2888 ab
798 2820 865 2909 όροι
886 2825 1033 2907 distingui
1052 2827 1167 2910 solete

124 3109 153 3177 ³)
176 3110 255 3164 idem
272 3121 324 3174 uuo
342 3107 401 3160 ioco
420 3109 556 3175 στέφανος
577 3108 682 3175 scripsit
697 3106 766 3161 VlH.
781 3106 824 3162 26.
851 3106 933 3160 attero
954 3102 1078 3174 στεφάνη
1093 3105 1163 3162 vill.

67 3193 117 3248 118.
134 3193 178 3246 ubi
197 3192 252 3246 duo
271 3189 348 3244 codd.
368 3191 538 3244 masculinum
554 3190 726 3257 substituuut;
747 3189 831 3244 semel
848 3188 961 3258 ψόμμν,
979 3193 1020 3243 ter
1037 3187 1166 3258 ψάμμος,

66 3288 111 3329 uno
128 3277 187 3330 ioco
207 3272 295 3343 οιιόρη
312 3273 355 3327 tv.
371 3273 427 3328 192.
449 3274 530 3328 attero
548 3275 648 3346 σπόρος
665 3274 707 3327 tv.
728 3273 785 3330 183.
803 3273 848 3326 ubi
867 3272 918 3326 duo
937 3271 996 3325 libri
1015 3270 1166 3328 femininum

66 3365 175 3428 tuentur,
209 3358 381 3425 ejusdemque
406 3358 594 3411 inconstantiae
618 3357 759 3424 participes
785 3355 971 3424 Hippocrates,
1000 3355 1165 3425 Aristoteles,

66 3439 198 3509 Nicander,
218 3442 387 3506 Theocritus3
415 3439 464 3495 sed
480 3440 639 3508 Phrynichus
657 3441 734 3495 attice
753 3436 766 3491 d
785 3439 885 3508 σαῦρος
901 3437 954 3492 dici
972 3445 1062 3494 auctor
1082 3446 1130 3496 est.

126 3542 154 3610 d)
180 3541 258 3606 Quod
281 3543 309 3594 in
333 3539 462 3594 Eustathii
487 3538 615 3608 farragine
640 3555 666 3608 p.
687 3539 760 3608 1421,
782 3540 821 3595 19.
847 3554 907 3592 cum
928 3538 980 3592 hoc
1004 3540 1167 3607 componitur

68 3622 189 3695 όιιιλογὴ,
215 3627 239 3680 si
257 3639 304 3693 pro
323 3621 540 3690 dediticiam,
570 3623 762 3679 atexandrinum
780 3625 870 3691 potius
888 3626 929 3677 est
945 3635 1022 3690 quam
1040 3623 1166 3676 ionicum*

66 3705 183 3778 Propiora
204 3705 656 3776 εὶο1εοοιοίλλογοιε1σολλογή
675 3707 730 3757 τῶν
745 3705 881 3774 μαθητῶν
903 3707 968 3760 Poll.
987 3705 1029 3760 lV.
1048 3705 1090 3760 44.
1115 3719 1166 3760 nec

68 3794 147 3847 tamen
161 3791 292 3861 σύλλογος
311 3791 425 3860 καρπόν
447 3789 499 3844 dici
517 3795 605 3859 potest
622 3804 669 3858 pro
688 3787 813 3857 σολλογή,
832 3791 967 3858 magisque
986 3792 1063 3845 etiam
1083 3789 1165 3845 dttte-

69 3881 120 3928 mut
134 3873 287 3944 κατάλογος
304 3879 331 3929 et
346 3871 485 3942 κατάλυμά
504 3873 625 3942 Apollon.
645 3871 679 3928 dc
697 3870 772 3939 Conj.
790 3873 849 3928 497.
868 3878 918 3928 etc.

128 3975 213 4041 5111
231 3974 398 4043 Hippocratis
415 3973 481 4027 libro
500 3975 605 4042 spurio,
625 3987 703 4041 quem
722 3971 856 4027 Hucinius
874 3972 975 4036 omisit,
1003 3968 1037 4024 de
1055 3967 1164 4035 Septim.
1191 4001 1193 4006 ·

70 4068 92 4120 ιν.
113 4058 169 4112 511.
195 4058 239 4114 ed.
263 4058 344 4112 Basti.
370 4056 418 4109 όιιὶ
440 4056 544 4115 παντὸς
572 4054 643 4126 ὥροο
667 4055 804 4108 Erotianus
832 4053 958 4106 ἐνιαυτοῦ
983 4053 1167 4119 iuterpretatur

72 4139 159 4195 rectius
183 4156 261 4210 quam
283 4141 460 4197 Schneiderus
485 4138 564 4211 ὥροις.
607 4139 709 4193 dunum
727 4137 800 4192 multi
818 4126 890 4210 ὦρον
905 4139 1000 4190 uocant
1012 4149 1037 4188 ν.
1052 4131 1164 4190 Wesscl.
