2772 4992
52 283 127 348 DE
159 281 259 347 NOM.
275 280 441 357 QUORUM
455 280 568 346 CHAR.
582 279 658 344 EST
672 280 878 346 DENTALIS.
901 280 933 346 C.
946 280 994 346 lv.
1010 286 1039 356 §.
1053 279 1081 345 6.
1102 281 1171 350 379

22 445 110 528 τός,
128 443 274 530 Ὕηττος
294 447 385 511 Peos.
404 446 453 510 IX.
474 445 526 528 36,
545 444 575 512 4.
596 445 648 509 ubi
674 445 776 509 nuilus
805 445 905 510 ooden
933 450 1094 524 oxytonon
1121 447 1173 510 oi-

24 552 120 631 fert,
163 542 368 629 Λνιιαβηττός
392 540 444 608 διὰ
471 539 644 625 τόλολόκοις
675 539 827 627 πληθόειν
857 544 930 610 HeS.
958 540 1169 626 Συπαληττός.

23 649 131 712 Post
163 646 287 727 epsiion
309 646 387 710 haee
413 644 502 708 litere
529 661 593 708 non
619 645 791 724 geminatur
820 650 1035 725 praeterquam
1056 645 1088 706 in
1108 660 1171 709 uo-

24 749 136 811 mine
168 747 268 809 amnis
290 745 383 808 Samii
404 743 523 806 Ibettee
543 743 620 806 Plin.
643 745 677 808 V.
696 743 745 808 37.
765 749 795 806 et
815 742 901 806 urbis
921 741 1036 821 Lydiae
1048 738 1170 807 Σάεττα

27 847 93 911 vel
122 839 257 926 Σαέττη
277 862 305 906 r.
328 842 454 906 Eekirel.
474 843 579 906 Dootr.
601 842 649 906 111.
673 841 740 908 110.
763 840 846 921 quod
870 841 903 902 iu
931 841 1087 908 Theocriti
1106 844 1169 923 Sy·

26 947 144 1025 ringe
172 943 264 1007 Anth.
284 941 347 1004 XV.
368 941 417 1006 21.
439 940 597 1021 epitheton
618 946 667 1004 est
689 927 856 1020 Omphalae
878 955 934 1020 pro
957 936 1126 1024 Σατττηνή.

141 1049 180 1117 5.
201 1041 230 1106 6.
278 1035 324 1102 Τὰ
350 1037 393 1112 εἰς
420 1027 495 1112 ι’τ-ος
517 1032 599 1102 ἁπλᾶ
634 1033 894 1120 προπαροξότονα
925 1033 1082 1106 ἐπιθετικόι
1115 1035 1169 1106 tot

28 1138 156 1223 κύρια
181 1135 457 1219 οπόνιοι’Ἀηχιτος,
475 1130 665 1220 Ἀφρόδιτος,
686 1132 848 1220 ἀδήριτος,
880 1137 1022 1221 Οἴκριτος
1047 1134 1167 1220 ιιόριον.

38 1235 95 1304 Τὸ
124 1233 295 1322 ἆμαξιτός,
316 1233 465 1318 λυχνιτός,
487 1230 651 1320 ἀτραπιτός
671 1230 815 1316 ὀξύτονα,
836 1231 916 1302 κατὰ
934 1232 1024 1318 γένος
1044 1235 1096 1301 καὶ
1115 1260 1168 1302 τια-

30 1335 80 1402 τά
106 1335 219 1402 τόνον
240 1330 279 1400 οὐ
300 1333 380 1400 τιατόι
398 1330 457 1418 τὴν
475 1331 601 1418 γραφὴν
621 1330 824 1400 ἀνακόλουθα
853 1337 988 1416 Theogn.
1020 1337 1068 1402 75.
1096 1338 1168 1418 qui-

34 1440 109 1503 bus
138 1435 338 1516 corrigendis
359 1452 466 1517 parum
480 1435 626 1516 praesidii
640 1436 768 1516 praebet
782 1434 935 1499 Arcadius
948 1452 978 1515 p.
991 1435 1041 1500 82.
1054 1438 1168 1520 quippe

35 1539 182 1620 pariter
203 1542 368 1615 corruptus
391 1532 430 1598 τὰ
457 1533 500 1608 οἷς
518 1521 586 1608 ero}
603 1527 748 1614 ἀρσενικὰ
759 1528 802 1616 μὴ
816 1529 892 1598 όντα
905 1529 1062 1598 intereunt
1074 1531 1170 1618 βαρύ-

38 1658 154 1714 νεται,
180 1631 332 1717 βάρβιτος,
354 1629 487 1715 θάριτος,
511 1630 624 1716 δὴιτος,
646 1628 776 1715 ἅρκιτος.
825 1629 872 1696 Τὰ
892 1628 926 1696 δὲ
945 1628 1071 1716 θηλυκὰ
1091 1627 1169 1712 όξό-

38 1757 153 1813 νεται,
180 1728 333 1815 όιμαξιτός,
355 1728 508 1814 Λνχνιτός
527 1725 549 1814 ἡ
568 1729 676 1810 πόλις,
708 1727 838 1814 δηριτός.
888 1733 1002 1804 Notum
1032 1740 1081 1798 est
1111 1734 1169 1798 viri

42 1851 179 1899 nomen
191 1829 330 1914 Ἀηηιτος
344 1832 435 1896 Antii.
456 1832 663 1904 notusetiam
682 1826 861 1912 Ἀφρόὸιτος
880 1830 957 1896 deus
978 1849 1006 1893 v.
1029 1832 1167 1900 Diodori.

43 1935 88 1998 ad
112 1933 284 2014 Aristoph.
306 1932 422 2010 Frugm.
445 1929 595 1995 CCLXXI.
619 1929 686 1994 130.
709 1937 739 1994 et
760 1931 835 1994 urbs
855 1924 1007 2012 Λυχνιθὸς
1023 1925 1167 2012 -Ἡρω-

45 2027 173 2106 διττὸς
193 2027 226 2093 δὲ
246 2025 402 2112 Λοχτιτόο
424 2044 502 2112 φησι
525 2029 631 2108 Steph.
652 2047 679 2093 u.
701 2029 885 2108 wesseling.
913 2027 953 2092 acl
973 2029 1075 2094 Itiner.
1097 2020 1167 2096 655.

46 2130 314 2220 Schweighuues.
337 2130 375 2193 ed
394 2129 502 2208 Polyb.
523 2128 626 2192 XVIII.
648 2127 760 2210 30,12.
778 2121 1167 2210 Ἀὅήριτοςηιοαολόοοίο

49 2230 141 2294 idem
170 2235 219 2292 est
241 2229 324 2308 quod
344 2247 393 2311 ep.
415 2227 526 2292 Aread.
548 2222 680 2306 δάριτος,
702 2227 734 2288 in
755 2225 823 2290 eod.
846 2225 935 2291 Hain.
950 2221 1074 2309 δηριτος
1087 2229 1169 2294 sori·

48 2328 164 2408 bitur3
186 2343 292 2391 uerum
313 2329 402 2391 suerii
422 2321 559 2408 Νήριτος
572 2326 705 2390 Pterelai
725 2325 804 2388 iilius
825 2325 912 2388 Hom.
939 2325 1000 2390 Pro
1025 2325 1169 2406 Ολκριτος

51 2429 85 2490 in
116 2441 275 2508 praesens
302 2425 378 2488 nihil
406 2428 543 2507 suppetit
572 2431 696 2505 praeter
728 2419 890 2505 Φώκριτος
916 2425 1001 2488 Dem.
1030 2441 1055 2490 ο.
1075 2427 1195 2507 Aput·

51 2526 129 2591 897.
156 2529 249 2606 eujus
276 2525 459 2604 compositio
490 2525 599 2588 oeulos
623 2524 709 2587 ieliit.
755 2517 1025 2605 impoenitentiis
1055 2541 1168 2592 nomeu

55 2626 174 2689 eodem
197 2641 257 2704 quo
281 2639 440 2686 commune
461 2630 587 2688 notatur
611 2629 742 2688 aeoentu
762 2630 886 2704 praeter
906 2621 996 2687 Diod.
1019 2623 1094 2686 XIV.
1117 2624 1167 2690 38.

53 2723 199 2788 Arcamo
222 2739 278 2804 pro
300 2716 404 2804 δήιτος
425 2721 610 2786 reddendum
637 2728 685 2786 est
711 2717 827 2804 Λήιτος
853 2722 1057 2805 homericum,
1084 2723 1168 2804 quod

56 2823 247 2887 Eustathius
269 2820 339 2904 264,
357 2821 405 2885 25.
428 2822 564 2886 uuerbe
585 2821 740 2902 ληίζεσθαι
761 2822 883 2902 repetit,
906 2826 939 2884 ut
961 2820 1012 2885 alii
1042 2817 1168 2904 νήριτος

59 2928 90 2985 et
110 2917 277 3004 μεγηριτος
297 2919 336 2984 ub
357 2915 452 3002 ἐρίζο,
476 2918 533 2982 sed
554 2925 694 2999 praestat
713 2936 906 3001 parouymon
927 2919 1029 2984 uicere
1051 2928 1084 2984 ut
1104 2924 1168 3005 ληῐ-

59 3043 106 3096 τις
129 3039 150 3086 a
170 3020 253 3102 ληλς,
276 3021 364 3098 eujus
385 3017 524 3082 voeeiem
547 3025 652 3084 servat
673 3025 706 3082 ut
735 3012 815 3098 ἀμφι
834 3014 983 3100 ’Ἁμφιτος
1005 3019 1168 3090 Castorum

60 3123 173 3202 auriga
196 3127 227 3183 et
248 3119 356 3184 iiurius
377 3118 468 3182 Paus.
489 3118 538 3183 IV.
561 3117 611 3200 33,
633 3117 661 3182 3.
683 3113 751 3200 ἅηχι
766 3112 921 3200 Ἄγητος,
943 3107 1022 3201 Ἰφις
1041 3115 1168 3203 Ἴφιτος,

62 3216 141 3304 ἄλφι
166 3216 312 3300 ἄλφιτον,
340 3213 406 3299 μέλι
425 3217 527 3299 μελέτη
554 3218 622 3296 apis
651 3223 682 3281 et
708 3217 867 3298 proprium
892 3219 1028 3282 mulieris
1055 3237 1168 3288 nomeu

63 3321 180 3386 intimi
204 3312 363 3399 Ἐπαρλται
391 3310 574 3398 (Ἐπόριτοι)
597 3312 690 3390 ἔθνος
708 3310 884 3395 Ἀρκαδίας·
904 3312 925 3399 ἡ
945 3313 979 3380 δὲ
997 3314 1086 3394 πόλις
1105 3315 1168 3386 αό-

64 3416 272 3498 τοῖνἝπορις
294 3415 368 3482 ἔδει·
402 3409 461 3497 οὐχ
481 3409 606 3496 εὕρηται
626 3409 660 3477 δὲ
681 3415 784 3496 Steph.
828 3414 890 3480 Sed
911 3417 979 3478 sine
1000 3434 1169 3498 praegres-

65 3519 155 3583 sione
182 3518 302 3581 rooelis
332 3516 370 3580 ab
400 3511 524 3594 ἄπειρος
550 3507 717 3595 ιἰπελριτος,
755 3515 973 3596 propriumque
1006 3511 1170 3592 Μοόνιτος
1229 3547 1235 3556 ·

62 3616 208 3682 Parthen.
231 3633 257 3680 ο.
280 3615 327 3681 16.
355 3613 508 3694 Lycophr.
534 3613 605 3680 497.
634 3609 769 3696 ομόνος
795 3618 828 3676 ut
853 3613 1035 3678 Eustathius
1063 3624 1170 3680 eeuset

69 3777 359 3790 ψ*-

134 3867 163 3935 6)
182 3866 211 3920 ln
230 3865 331 3934 Eunap.
349 3863 378 3918 V.
396 3863 499 3917 Maxim.
519 3878 545 3932 p.
565 3864 607 3920 56.
627 3863 669 3918 ed.
688 3862 773 3916 Boiss.
791 3861 858 3916 maie
878 3862 986 3915 aeuitur.
1011 3861 1169 3932 Appeiietivi

73 3952 218 4020 exemplum
237 3951 341 4004 unicum
359 3951 400 4003 esi
416 3946 525 4015 Emped.
544 3946 602 4002 311.
622 3944 706 4012 (374.)
724 3945 833 4004 ξανθῶν
854 3961 883 3996 τε
911 3941 1033 4002 σπονδὰς
1052 3948 1172 4014 μελιτοῖν

73 4032 225 4100 ῥιπτοῦντες
242 4031 269 4090 ἐς
285 4025 381 4092 οὖλος,
406 4033 551 4098 mirumque
575 4043 620 4083 eur
641 4029 753 4083 noluerit
775 4029 896 4081 usitatius
920 4028 1036 4084 scribere
1059 4030 1172 4100 ῥλπτοον

74 4106 190 4171 viduaris
206 4115 351 4186 μελιττῶν.
386 4115 461 4179 Quae
479 4113 630 4170 Kerstemus
648 4110 730 4179 uiiert,
748 4125 838 4182 purum
856 4113 977 4180 apposite
993 4118 1061 4180 sunt.
