<?xml version="1.0" encoding="UTF-8"?>
<!DOCTYPE html PUBLIC "-//W3C//DTD XHTML 1.0 Transitional//EN"
    "http://www.w3.org/TR/xhtml1/DTD/xhtml1-transitional.dtd">
<html xmlns="http://www.w3.org/1999/xhtml" xml:lang="en" lang="en">
 <head>
  <title>
</title>
<meta http-equiv="Content-Type" content="text/html;charset=utf-8" />
  <meta name='ocr-system' content='tesseract 3.04.00' />
  <meta name='ocr-capabilities' content='ocr_page ocr_carea ocr_par ocr_line ocrx_word'/>
</head>
<body>
  <div class='ocr_page' id='page_1' title='image "./pathologiaeserm01lobegoog/pathologiaeserm01lobegoog_0200.png"; bbox 0 0 2750 4994; ppageno 0'>
   <div class='ocr_carea' id='block_1_1' title="bbox 186 231 1169 313">
    <p class='ocr_par' dir='ltr' id='par_1_1' title="bbox 186 231 1169 313">
     <span class='ocr_line' id='line_1_1' title="bbox 186 231 1169 313; baseline 0.007 -14"><span class='ocrx_word' id='word_1_1' title='bbox 186 235 239 300; x_wconf 84' lang='lat' dir='ltr'>DE</span> <span class='ocrx_word' id='word_1_2' title='bbox 260 231 481 299; x_wconf 80' lang='lat' dir='ltr'><strong>NOMINIBUS</strong></span> <span class='ocrx_word' id='word_1_3' title='bbox 502 233 543 298; x_wconf 85' lang='lat' dir='ltr'>IN</span> <span class='ocrx_word' id='word_1_4' title='bbox 564 231 860 301; x_wconf 66' lang='lat' dir='ltr'>uEXEUNTlBUS.</span> <span class='ocrx_word' id='word_1_5' title='bbox 892 236 924 300; x_wconf 87' lang='lat' dir='ltr'>C.</span> <span class='ocrx_word' id='word_1_6' title='bbox 939 237 960 299; x_wconf 92' lang='lat' dir='ltr'>l.</span> <span class='ocrx_word' id='word_1_7' title='bbox 980 244 1009 313; x_wconf 71' lang='lat' dir='ltr'>s.</span> <span class='ocrx_word' id='word_1_8' title='bbox 1024 239 1052 302; x_wconf 85' lang='lat'>3.</span> <span class='ocrx_word' id='word_1_9' title='bbox 1102 237 1169 306; x_wconf 70' lang='lat'>183</span> 
     </span>
    </p>
   </div>
   <div class='ocr_carea' id='block_1_2' title="bbox 38 391 1170 1571">
    <p class='ocr_par' dir='ltr' id='par_1_2' title="bbox 38 391 1170 1571">
     <span class='ocr_line' id='line_1_2' title="bbox 45 391 1170 483; baseline 0.004 -21"><span class='ocrx_word' id='word_1_10' title='bbox 45 412 141 462; x_wconf 81' lang='grc' dir='ltr'><strong>νισεν</strong></span> <span class='ocrx_word' id='word_1_11' title='bbox 164 400 242 464; x_wconf 85' lang='lat' dir='ltr'>Hes.</span> <span class='ocrx_word' id='word_1_12' title='bbox 262 405 294 463; x_wconf 89' lang='lat' dir='ltr'>et</span> <span class='ocrx_word' id='word_1_13' title='bbox 315 392 508 481; x_wconf 81' lang='grc' dir='ltr'><strong><em>ὀρφοβότης,</em></strong></span> <span class='ocrx_word' id='word_1_14' title='bbox 542 399 718 481; x_wconf 76' lang='lat' dir='ltr'>pariterque</span> <span class='ocrx_word' id='word_1_15' title='bbox 740 398 779 461; x_wconf 90' lang='lat' dir='ltr'>ab</span> <span class='ocrx_word' id='word_1_16' title='bbox 801 391 895 474; x_wconf 75' lang='grc' dir='ltr'><strong><em>ὀπτός</em></strong></span> <span class='ocrx_word' id='word_1_17' title='bbox 915 400 1098 483; x_wconf 88' lang='lat' dir='ltr'>productum</span> <span class='ocrx_word' id='word_1_18' title='bbox 1120 409 1170 468; x_wconf 88' lang='lat' dir='ltr'>esl</span> 
     </span>
     <span class='ocr_line' id='line_1_3' title="bbox 44 491 1168 584; baseline 0.004 -23"><span class='ocrx_word' id='word_1_19' title='bbox 44 491 204 573; x_wconf 79' lang='grc' dir='ltr'><strong><em>ὀπτανός.</em></strong></span> <span class='ocrx_word' id='word_1_20' title='bbox 239 491 358 572; x_wconf 58' lang='lat' dir='ltr'>leaves</span> <span class='ocrx_word' id='word_1_21' title='bbox 379 505 410 561; x_wconf 91' lang='lat' dir='ltr'>et</span> <span class='ocrx_word' id='word_1_22' title='bbox 430 498 526 564; x_wconf 86' lang='lat' dir='ltr'>verbu</span> <span class='ocrx_word' id='word_1_23' title='bbox 549 497 660 577; x_wconf 75' lang='lat' dir='ltr'>subiici</span> <span class='ocrx_word' id='word_1_24' title='bbox 681 504 787 579; x_wconf 88' lang='lat' dir='ltr'>petest</span> <span class='ocrx_word' id='word_1_25' title='bbox 807 505 841 561; x_wconf 91' lang='lat' dir='ltr'>ut</span> <span class='ocrx_word' id='word_1_26' title='bbox 862 501 970 579; x_wconf 78' lang='lat' dir='ltr'><strong>specio</strong></span> <span class='ocrx_word' id='word_1_27' title='bbox 992 501 1168 584; x_wconf 88' lang='lat' dir='ltr'>speciosus,</span> 
     </span>
     <span class='ocr_line' id='line_1_4' title="bbox 45 591 1167 676; baseline 0.002 -14"><span class='ocrx_word' id='word_1_28' title='bbox 45 605 77 662; x_wconf 91' lang='lat' dir='ltr'>et</span> <span class='ocrx_word' id='word_1_29' title='bbox 100 599 233 662; x_wconf 87' lang='lat' dir='ltr'>nemini</span> <span class='ocrx_word' id='word_1_30' title='bbox 252 591 334 670; x_wconf 76' lang='grc' dir='ltr'><strong><em>εἶδος</em></strong></span> <span class='ocrx_word' id='word_1_31' title='bbox 352 599 484 676; x_wconf 80' lang='lat' dir='ltr'>species.</span> <span class='ocrx_word' id='word_1_32' title='bbox 517 593 660 671; x_wconf 77' lang='grc' dir='ltr'><strong><em>Πεδανός</em></strong></span> <span class='ocrx_word' id='word_1_33' title='bbox 680 597 786 661; x_wconf 87' lang='lat' dir='ltr'>Schal.</span> <span class='ocrx_word' id='word_1_34' title='bbox 806 596 871 661; x_wconf 89' lang='lat' dir='ltr'>Nic.</span> <span class='ocrx_word' id='word_1_35' title='bbox 884 598 937 662; x_wconf 78' lang='lat' dir='ltr'>Th.</span> <span class='ocrx_word' id='word_1_36' title='bbox 954 599 1023 665; x_wconf 78' lang='lat'><strong>226.</strong></span> <span class='ocrx_word' id='word_1_37' title='bbox 1045 599 1167 664; x_wconf 88' lang='lat' dir='ltr'>diverse</span> 
     </span>
     <span class='ocr_line' id='line_1_5' title="bbox 42 690 1166 780; baseline 0.004 -22"><span class='ocrx_word' id='word_1_38' title='bbox 42 697 285 778; x_wconf 83' lang='lat' dir='ltr'>interpretatur</span> <span class='ocrx_word' id='word_1_39' title='bbox 304 692 446 770; x_wconf 78' lang='grc' dir='ltr'><strong><em>ταπεινός</em></strong></span> <span class='ocrx_word' id='word_1_40' title='bbox 466 701 498 760; x_wconf 86' lang='lat' dir='ltr'>et</span> <span class='ocrx_word' id='word_1_41' title='bbox 519 690 663 780; x_wconf 74' lang='grc' dir='ltr'>ἀσθενής,</span> <span class='ocrx_word' id='word_1_42' title='bbox 685 695 759 760; x_wconf 86' lang='lat' dir='ltr'>illud</span> <span class='ocrx_word' id='word_1_43' title='bbox 774 693 909 775; x_wconf 68' lang='grc' dir='ltr'>τιττέὸον,</span> <span class='ocrx_word' id='word_1_44' title='bbox 930 697 990 775; x_wconf 81' lang='lat' dir='ltr'>lucc</span> <span class='ocrx_word' id='word_1_45' title='bbox 1011 715 1069 780; x_wconf 90' lang='lat' dir='ltr'>pru</span> <span class='ocrx_word' id='word_1_46' title='bbox 1088 691 1166 780; x_wconf 79' lang='grc' dir='ltr'><strong><em>ήττε-</em></strong></span> 
     </span>
     <span class='ocr_line' id='line_1_6' title="bbox 42 789 1164 884; baseline 0.004 -27"><span class='ocrx_word' id='word_1_47' title='bbox 42 792 169 874; x_wconf 80' lang='grc' dir='ltr'><strong><em>δαιτός,</em></strong></span> <span class='ocrx_word' id='word_1_48' title='bbox 205 803 241 859; x_wconf 91' lang='lat' dir='ltr'>ut</span> <span class='ocrx_word' id='word_1_49' title='bbox 267 795 439 874; x_wconf 81' lang='lat' dir='ltr'><strong>Hesychius</strong></span> <span class='ocrx_word' id='word_1_50' title='bbox 467 789 599 869; x_wconf 80' lang='grc' dir='ltr'><strong><em>πεδανός</em></strong></span> <span class='ocrx_word' id='word_1_51' title='bbox 631 789 767 868; x_wconf 67' lang='lat' dir='ltr'>celsivus</span> <span class='ocrx_word' id='word_1_52' title='bbox 801 803 833 860; x_wconf 87' lang='lat' dir='ltr'>et</span> <span class='ocrx_word' id='word_1_53' title='bbox 859 795 982 884; x_wconf 78' lang='grc' dir='ltr'><strong><em>πεδανῷ</em></strong></span> <span class='ocrx_word' id='word_1_54' title='bbox 1011 791 1164 884; x_wconf 59' lang='lat' dir='ltr'>paceaugu-</span> 
     </span>
     <span class='ocr_line' id='line_1_7' title="bbox 40 888 1164 978; baseline 0.003 -20"><span class='ocrx_word' id='word_1_55' title='bbox 40 895 186 959; x_wconf 87' lang='lat' dir='ltr'>Praeter</span> <span class='ocrx_word' id='word_1_56' title='bbox 215 895 294 958; x_wconf 87' lang='lat' dir='ltr'>haec</span> <span class='ocrx_word' id='word_1_57' title='bbox 314 893 451 974; x_wconf 80' lang='lat' dir='ltr'>regulam</span> <span class='ocrx_word' id='word_1_58' title='bbox 478 901 648 974; x_wconf 83' lang='lat' dir='ltr'>sequuntur</span> <span class='ocrx_word' id='word_1_59' title='bbox 666 888 791 974; x_wconf 75' lang='grc' dir='ltr'><strong><em>ἐδανός,</em></strong></span> <span class='ocrx_word' id='word_1_60' title='bbox 822 893 962 977; x_wconf 81' lang='grc' dir='ltr'><strong><em>ἰσχανός,</em></strong></span> <span class='ocrx_word' id='word_1_61' title='bbox 983 892 1164 978; x_wconf 64' lang='lat' dir='ltr'>occupanda,</span> 
     </span>
     <span class='ocr_line' id='line_1_8' title="bbox 38 988 1165 1076; baseline 0.004 -20"><span class='ocrx_word' id='word_1_62' title='bbox 38 989 211 1075; x_wconf 75' lang='grc' dir='ltr'><em>χλιδανός,</em></span> <span class='ocrx_word' id='word_1_63' title='bbox 234 989 348 1075; x_wconf 66' lang='lat' dir='ltr'>leucis,</span> <span class='ocrx_word' id='word_1_64' title='bbox 370 988 532 1076; x_wconf 76' lang='grc' dir='ltr'><strong><em>ἐπηετανός</em></strong></span> <span class='ocrx_word' id='word_1_65' title='bbox 552 999 583 1055; x_wconf 90' lang='lat' dir='ltr'>et</span> <span class='ocrx_word' id='word_1_66' title='bbox 604 994 793 1058; x_wconf 84' lang='lat' dir='ltr'>neotericam</span> <span class='ocrx_word' id='word_1_67' title='bbox 814 989 940 1076; x_wconf 79' lang='grc' dir='ltr'><strong><em>ττγανός</em></strong></span> <span class='ocrx_word' id='word_1_68' title='bbox 957 1013 986 1060; x_wconf 87' lang='lat' dir='ltr'>v.</span> <span class='ocrx_word' id='word_1_69' title='bbox 1007 996 1056 1060; x_wconf 87' lang='lat' dir='ltr'>Du</span> <span class='ocrx_word' id='word_1_70' title='bbox 1071 995 1165 1076; x_wconf 80' lang='lat' dir='ltr'>Ceng.</span> 
     </span>
     <span class='ocr_line' id='line_1_9' title="bbox 39 1090 1164 1178; baseline 0.004 -22"><span class='ocrx_word' id='word_1_71' title='bbox 39 1095 272 1174; x_wconf 86' lang='lat' dir='ltr'>incertumque</span> <span class='ocrx_word' id='word_1_72' title='bbox 298 1090 435 1178; x_wconf 57' lang='lat' dir='ltr'>pupula</span> <span class='ocrx_word' id='word_1_73' title='bbox 462 1091 580 1171; x_wconf 82' lang='lat' dir='ltr'>fragilis</span> <span class='ocrx_word' id='word_1_74' title='bbox 609 1108 657 1171; x_wconf 89' lang='lat' dir='ltr'>ap.</span> <span class='ocrx_word' id='word_1_75' title='bbox 686 1091 817 1172; x_wconf 79' lang='lat' dir='ltr'>Hespcln</span> <span class='ocrx_word' id='word_1_76' title='bbox 846 1111 871 1158; x_wconf 78' lang='lat' dir='ltr'>s,</span> <span class='ocrx_word' id='word_1_77' title='bbox 895 1096 1052 1175; x_wconf 79' lang='grc' dir='ltr'><strong>Θραῦρον.</strong></span> <span class='ocrx_word' id='word_1_78' title='bbox 1093 1095 1164 1160; x_wconf 82' lang='lat' dir='ltr'>ali·-</span> 
     </span>
     <span class='ocr_line' id='line_1_10' title="bbox 42 1191 1161 1273; baseline 0.001 -18"><span class='ocrx_word' id='word_1_79' title='bbox 42 1195 183 1273; x_wconf 88' lang='lat' dir='ltr'>qnoties</span> <span class='ocrx_word' id='word_1_80' title='bbox 214 1200 317 1257; x_wconf 65' lang='lat' dir='ltr'>amen</span> <span class='ocrx_word' id='word_1_81' title='bbox 343 1191 483 1266; x_wconf 77' lang='grc' dir='ltr'><em>δάπανος</em></span> <span class='ocrx_word' id='word_1_82' title='bbox 505 1191 659 1255; x_wconf 88' lang='lat' dir='ltr'>inuenitur</span> <span class='ocrx_word' id='word_1_83' title='bbox 687 1197 718 1253; x_wconf 91' lang='lat' dir='ltr'>et</span> <span class='ocrx_word' id='word_1_84' title='bbox 745 1193 778 1254; x_wconf 92' lang='lat' dir='ltr'>in</span> <span class='ocrx_word' id='word_1_85' title='bbox 807 1192 879 1256; x_wconf 87' lang='lat' dir='ltr'>lucu</span> <span class='ocrx_word' id='word_1_86' title='bbox 906 1195 1161 1258; x_wconf 88' lang='lat' dir='ltr'>controuersinsn</span> 
     </span>
     <span class='ocr_line' id='line_1_11' title="bbox 40 1285 1160 1374; baseline 0.002 -20"><span class='ocrx_word' id='word_1_87' title='bbox 40 1291 169 1355; x_wconf 82' lang='lat' dir='ltr'>Aeseh.</span> <span class='ocrx_word' id='word_1_88' title='bbox 194 1293 302 1374; x_wconf 89' lang='lat' dir='ltr'>Suppl.</span> <span class='ocrx_word' id='word_1_89' title='bbox 324 1292 394 1358; x_wconf 88' lang='grc'><strong>814.</strong></span> <span class='ocrx_word' id='word_1_90' title='bbox 416 1292 487 1373; x_wconf 65' lang='lat' dir='ltr'>plne</span> <span class='ocrx_word' id='word_1_91' title='bbox 507 1289 625 1368; x_wconf 75' lang='lat' dir='ltr'>licceat,</span> <span class='ocrx_word' id='word_1_92' title='bbox 647 1307 704 1371; x_wconf 84' lang='lat' dir='ltr'>pro</span> <span class='ocrx_word' id='word_1_93' title='bbox 726 1285 860 1364; x_wconf 76' lang='grc' dir='ltr'><strong><em>ὄπτανος</em></strong></span> <span class='ocrx_word' id='word_1_94' title='bbox 880 1292 990 1356; x_wconf 83' lang='lat' dir='ltr'>Athen.</span> <span class='ocrx_word' id='word_1_95' title='bbox 1012 1290 1160 1356; x_wconf 81' lang='lat' dir='ltr'>vl1.293.</span> 
     </span>
     <span class='ocr_line' id='line_1_12' title="bbox 41 1384 1162 1472; baseline 0.001 -19"><span class='ocrx_word' id='word_1_96' title='bbox 41 1390 179 1454; x_wconf 93' lang='lat' dir='ltr'>B.nunc</span> <span class='ocrx_word' id='word_1_97' title='bbox 192 1397 355 1470; x_wconf 79' lang='lat' dir='ltr'>cxytunon</span> <span class='ocrx_word' id='word_1_98' title='bbox 368 1391 531 1472; x_wconf 89' lang='lat' dir='ltr'>successit,</span> <span class='ocrx_word' id='word_1_99' title='bbox 540 1406 596 1470; x_wconf 88' lang='lat' dir='ltr'>pra</span> <span class='ocrx_word' id='word_1_100' title='bbox 610 1384 756 1466; x_wconf 75' lang='grc' dir='ltr'><strong><em>τέτανος,</em></strong></span> <span class='ocrx_word' id='word_1_101' title='bbox 770 1388 1032 1470; x_wconf 87' lang='lat' dir='ltr'>qundBrunckius</span> <span class='ocrx_word' id='word_1_102' title='bbox 1045 1391 1162 1456; x_wconf 79' lang='lat' dir='ltr'>invexit</span> 
     </span>
     <span class='ocr_line' id='line_1_13' title="bbox 41 1483 1159 1571; baseline 0.002 -19"><span class='ocrx_word' id='word_1_103' title='bbox 41 1490 147 1554; x_wconf 76' lang='lat' dir='ltr'>Antia</span> <span class='ocrx_word' id='word_1_104' title='bbox 169 1488 221 1552; x_wconf 81' lang='lat' dir='ltr'>Di.</span> <span class='ocrx_word' id='word_1_105' title='bbox 243 1505 272 1553; x_wconf 93' lang='lat' dir='ltr'>n.</span> <span class='ocrx_word' id='word_1_106' title='bbox 293 1489 363 1555; x_wconf 83' lang='lat'><strong>261.</strong></span> <span class='ocrx_word' id='word_1_107' title='bbox 383 1483 528 1571; x_wconf 78' lang='grc' dir='ltr'><strong><em>πεπανός,</em></strong></span> <span class='ocrx_word' id='word_1_108' title='bbox 549 1503 650 1568; x_wconf 87' lang='lat' dir='ltr'>neque</span> <span class='ocrx_word' id='word_1_109' title='bbox 670 1487 760 1551; x_wconf 88' lang='lat' dir='ltr'>aliter</span> <span class='ocrx_word' id='word_1_110' title='bbox 781 1488 893 1568; x_wconf 81' lang='lat' dir='ltr'>legitur</span> <span class='ocrx_word' id='word_1_111' title='bbox 913 1488 1059 1553; x_wconf 85' lang='lat' dir='ltr'>Artemid.</span> <span class='ocrx_word' id='word_1_112' title='bbox 1073 1488 1095 1552; x_wconf 86' lang='grc' dir='ltr'>Ι.</span> <span class='ocrx_word' id='word_1_113' title='bbox 1110 1489 1159 1554; x_wconf 75' lang='grc'>73.</span> 
     </span>
    </p>
   </div>
   <div class='ocr_carea' id='block_1_3' title="bbox 41 1584 1271 1669">
    <p class='ocr_par' dir='ltr' id='par_1_3' title="bbox 41 1584 1271 1669">
     <span class='ocr_line' id='line_1_14' title="bbox 41 1584 1271 1669; baseline 0.003 -21"><span class='ocrx_word' id='word_1_114' title='bbox 41 1587 132 1652; x_wconf 84' lang='lat' dir='ltr'>unde</span> <span class='ocrx_word' id='word_1_115' title='bbox 156 1587 366 1652; x_wconf 89' lang='lat' dir='ltr'>Schneiderus</span> <span class='ocrx_word' id='word_1_116' title='bbox 386 1589 562 1669; x_wconf 78' lang='lat' dir='ltr'>barptcncn</span> <span class='ocrx_word' id='word_1_117' title='bbox 583 1587 685 1667; x_wconf 64' lang='lat' dir='ltr'>aneia</span> <span class='ocrx_word' id='word_1_118' title='bbox 707 1585 763 1652; x_wconf 92' lang='lat' dir='ltr'>sed</span> <span class='ocrx_word' id='word_1_119' title='bbox 787 1584 935 1650; x_wconf 79' lang='grc' dir='ltr'><strong><em>Πέττανον</em></strong></span> <span class='ocrx_word' id='word_1_120' title='bbox 954 1584 1162 1654; x_wconf 73' lang='grc' dir='ltr'><strong><em>πλακούντων</em></strong></span> <span class='ocrx_word' id='word_1_121' title='bbox 1269 1661 1271 1666; x_wconf 49' lang='grc'>,</span> 
     </span>
    </p>
   </div>
   <div class='ocr_carea' id='block_1_4' title="bbox 42 1681 1162 3251">
    <p class='ocr_par' dir='ltr' id='par_1_4' title="bbox 42 1681 1162 3251">
     <span class='ocr_line' id='line_1_15' title="bbox 42 1681 1162 1766; baseline 0.002 -18"><span class='ocrx_word' id='word_1_122' title='bbox 42 1685 124 1749; x_wconf 87' lang='lat' dir='ltr'>Hes.</span> <span class='ocrx_word' id='word_1_123' title='bbox 152 1687 291 1750; x_wconf 79' lang='lat' dir='ltr'>fortasse</span> <span class='ocrx_word' id='word_1_124' title='bbox 319 1688 506 1752; x_wconf 77' lang='lat' dir='ltr'>substantivi</span> <span class='ocrx_word' id='word_1_125' title='bbox 528 1692 687 1750; x_wconf 85' lang='lat' dir='ltr'>accentum</span> <span class='ocrx_word' id='word_1_126' title='bbox 709 1687 831 1766; x_wconf 86' lang='lat' dir='ltr'>accepit</span> <span class='ocrx_word' id='word_1_127' title='bbox 856 1691 890 1748; x_wconf 93' lang='lat' dir='ltr'>ut</span> <span class='ocrx_word' id='word_1_128' title='bbox 910 1681 1027 1761; x_wconf 81' lang='grc' dir='ltr'><strong><em>κύανος</em></strong></span> <span class='ocrx_word' id='word_1_129' title='bbox 1047 1687 1162 1752; x_wconf 84' lang='lat' dir='ltr'>distin-</span> 
     </span>
     <span class='ocr_line' id='line_1_16' title="bbox 44 1780 1161 1864; baseline 0.003 -17"><span class='ocrx_word' id='word_1_130' title='bbox 44 1787 159 1864; x_wconf 85' lang='lat' dir='ltr'>guitur</span> <span class='ocrx_word' id='word_1_131' title='bbox 184 1785 224 1849; x_wconf 85' lang='lat' dir='ltr'>ab</span> <span class='ocrx_word' id='word_1_132' title='bbox 253 1783 405 1864; x_wconf 81' lang='lat' dir='ltr'>adjectivo</span> <span class='ocrx_word' id='word_1_133' title='bbox 434 1782 564 1864; x_wconf 78' lang='grc' dir='ltr'><strong><em>κυανός,</em></strong></span> <span class='ocrx_word' id='word_1_134' title='bbox 598 1780 723 1859; x_wconf 78' lang='grc' dir='ltr'><strong><em>τέτανος</em></strong></span> <span class='ocrx_word' id='word_1_135' title='bbox 744 1802 762 1848; x_wconf 88' lang='lat' dir='ltr'>a</span> <span class='ocrx_word' id='word_1_136' title='bbox 782 1780 907 1858; x_wconf 80' lang='grc' dir='ltr'><strong><em>τετανός</em></strong></span> <span class='ocrx_word' id='word_1_137' title='bbox 926 1802 954 1849; x_wconf 82' lang='lat' dir='ltr'>v.</span> <span class='ocrx_word' id='word_1_138' title='bbox 973 1785 1098 1850; x_wconf 81' lang='lat' dir='ltr'>Jacobs.</span> <span class='ocrx_word' id='word_1_139' title='bbox 1121 1785 1161 1850; x_wconf 79' lang='lat' dir='ltr'>ad</span> 
     </span>
     <span class='ocr_line' id='line_1_17' title="bbox 44 1879 1159 1968; baseline 0.004 -22"><span class='ocrx_word' id='word_1_140' title='bbox 44 1883 147 1946; x_wconf 82' lang='lat' dir='ltr'>Anah.</span> <span class='ocrx_word' id='word_1_141' title='bbox 167 1882 232 1948; x_wconf 84' lang='lat' dir='ltr'>Pal.</span> <span class='ocrx_word' id='word_1_142' title='bbox 255 1902 283 1965; x_wconf 90' lang='lat' dir='ltr'>p.</span> <span class='ocrx_word' id='word_1_143' title='bbox 305 1884 374 1950; x_wconf 81' lang='lat'><strong>512.</strong></span> <span class='ocrx_word' id='word_1_144' title='bbox 396 1880 496 1968; x_wconf 79' lang='grc' dir='ltr'><em>ἕψάνη</em></span> <span class='ocrx_word' id='word_1_145' title='bbox 518 1880 554 1949; x_wconf 81' lang='grc' dir='ltr'>τὸ</span> <span class='ocrx_word' id='word_1_146' title='bbox 575 1880 744 1967; x_wconf 55' lang='lat' dir='ltr'>{patriarca</span> <span class='ocrx_word' id='word_1_147' title='bbox 765 1884 803 1947; x_wconf 87' lang='lat' dir='ltr'>ab</span> <span class='ocrx_word' id='word_1_148' title='bbox 819 1879 934 1959; x_wconf 81' lang='grc' dir='ltr'><strong><em>ἕψανὸς</em></strong></span> <span class='ocrx_word' id='word_1_149' title='bbox 949 1885 1044 1949; x_wconf 81' lang='lat' dir='ltr'>Arist.</span> <span class='ocrx_word' id='word_1_150' title='bbox 1056 1884 1159 1950; x_wconf 86' lang='lat' dir='ltr'>Probl.</span> 
     </span>
     <span class='ocr_line' id='line_1_18' title="bbox 45 1977 1161 2066; baseline 0.002 -22"><span class='ocrx_word' id='word_1_151' title='bbox 45 1979 114 2046; x_wconf 67' lang='lat' dir='ltr'>XX.</span> <span class='ocrx_word' id='word_1_152' title='bbox 139 1982 169 2046; x_wconf 91' lang='grc'>4.</span> <span class='ocrx_word' id='word_1_153' title='bbox 193 1977 311 2064; x_wconf 78' lang='grc' dir='ltr'><strong><em>ῥοὸάνη</em></strong></span> <span class='ocrx_word' id='word_1_154' title='bbox 340 1983 526 2064; x_wconf 52' lang='lat' dir='ltr'>apoteca,</span> <span class='ocrx_word' id='word_1_155' title='bbox 557 1979 687 2066; x_wconf 77' lang='grc' dir='ltr'><strong><em>στεγάνη</em></strong></span> <span class='ocrx_word' id='word_1_156' title='bbox 713 1982 797 2065; x_wconf 89' lang='lat' dir='ltr'>quud</span> <span class='ocrx_word' id='word_1_157' title='bbox 817 1999 915 2063; x_wconf 80' lang='lat' dir='ltr'>nuper</span> <span class='ocrx_word' id='word_1_158' title='bbox 931 1990 1088 2063; x_wconf 86' lang='lat' dir='ltr'>receptura</span> <span class='ocrx_word' id='word_1_159' title='bbox 1111 1988 1161 2046; x_wconf 91' lang='lat' dir='ltr'>est</span> 
     </span>
     <span class='ocr_line' id='line_1_19' title="bbox 46 2077 1159 2165; baseline 0.001 -20"><span class='ocrx_word' id='word_1_160' title='bbox 46 2080 147 2145; x_wconf 70' lang='lat' dir='ltr'>Antii.</span> <span class='ocrx_word' id='word_1_161' title='bbox 171 2080 220 2143; x_wconf 86' lang='lat' dir='ltr'>VI.</span> <span class='ocrx_word' id='word_1_162' title='bbox 236 2097 265 2142; x_wconf 93' lang='lat' dir='ltr'>n.</span> <span class='ocrx_word' id='word_1_163' title='bbox 282 2081 352 2146; x_wconf 84' lang='grc'><strong>294.</strong></span> <span class='ocrx_word' id='word_1_164' title='bbox 377 2078 555 2165; x_wconf 77' lang='grc' dir='ltr'><strong><em>τστεγανός,</em></strong></span> <span class='ocrx_word' id='word_1_165' title='bbox 579 2077 967 2161; x_wconf 54' lang='lat' dir='ltr'>annuntiaremus,</span> <span class='ocrx_word' id='word_1_166' title='bbox 990 2080 1159 2161; x_wconf 80' lang='lat' dir='ltr'>eodemque</span> 
     </span>
     <span class='ocr_line' id='line_1_20' title="bbox 47 2178 1158 2263; baseline 0.001 -21"><span class='ocrx_word' id='word_1_167' title='bbox 47 2179 146 2242; x_wconf 85' lang='lat' dir='ltr'>medo</span> <span class='ocrx_word' id='word_1_168' title='bbox 171 2179 320 2259; x_wconf 85' lang='lat' dir='ltr'>explicari</span> <span class='ocrx_word' id='word_1_169' title='bbox 341 2189 446 2263; x_wconf 87' lang='lat' dir='ltr'>petest</span> <span class='ocrx_word' id='word_1_170' title='bbox 468 2200 522 2247; x_wconf 92' lang='lat' dir='ltr'>cnr</span> <span class='ocrx_word' id='word_1_171' title='bbox 543 2178 679 2263; x_wconf 77' lang='grc' dir='ltr'><strong><em>ἕδρανῶς</em></strong></span> <span class='ocrx_word' id='word_1_172' title='bbox 700 2181 853 2245; x_wconf 84' lang='lat' dir='ltr'>scribatur</span> <span class='ocrx_word' id='word_1_173' title='bbox 875 2181 1158 2260; x_wconf 83' lang='lat' dir='ltr'>substantiucgra-</span> 
     </span>
     <span class='ocr_line' id='line_1_21' title="bbox 46 2274 1158 2362; baseline 0.003 -22"><span class='ocrx_word' id='word_1_174' title='bbox 46 2285 138 2360; x_wconf 82' lang='lat' dir='ltr'>uate,</span> <span class='ocrx_word' id='word_1_175' title='bbox 161 2286 193 2341; x_wconf 89' lang='lat' dir='ltr'>el</span> <span class='ocrx_word' id='word_1_176' title='bbox 215 2295 310 2358; x_wconf 85' lang='lat' dir='ltr'>quare</span> <span class='ocrx_word' id='word_1_177' title='bbox 331 2277 454 2360; x_wconf 67' lang='grc' dir='ltr'><strong><em>λτχανὸς</em></strong></span> <span class='ocrx_word' id='word_1_178' title='bbox 474 2278 625 2356; x_wconf 77' lang='grc' dir='ltr'><strong><em>δάκτυλος</em></strong></span> <span class='ocrx_word' id='word_1_179' title='bbox 646 2280 703 2344; x_wconf 90' lang='lat' dir='ltr'>sed</span> <span class='ocrx_word' id='word_1_180' title='bbox 722 2274 743 2362; x_wconf 81' lang='grc' dir='ltr'><em>ἡ</em></span> <span class='ocrx_word' id='word_1_181' title='bbox 764 2280 886 2360; x_wconf 79' lang='grc' dir='ltr'><strong><em>λίχανος</em></strong></span> <span class='ocrx_word' id='word_1_182' title='bbox 899 2279 1023 2345; x_wconf 86' lang='lat' dir='ltr'>chorda.</span> <span class='ocrx_word' id='word_1_183' title='bbox 1068 2279 1158 2356; x_wconf 81' lang='lat' dir='ltr'>Quod</span> 
     </span>
     <span class='ocr_line' id='line_1_22' title="bbox 48 2366 1157 2462; baseline 0.004 -23"><span class='ocrx_word' id='word_1_184' title='bbox 48 2366 176 2458; x_wconf 71' lang='grc' dir='ltr'><strong><em>ἅγανον</em></strong></span> <span class='ocrx_word' id='word_1_185' title='bbox 196 2373 232 2440; x_wconf 86' lang='grc' dir='ltr'>τὸ</span> <span class='ocrx_word' id='word_1_186' title='bbox 252 2375 400 2460; x_wconf 62' lang='lat' dir='ltr'>celesyria</span> <span class='ocrx_word' id='word_1_187' title='bbox 419 2380 492 2444; x_wconf 82' lang='lat' dir='ltr'>lies.</span> <span class='ocrx_word' id='word_1_188' title='bbox 516 2381 576 2445; x_wconf 86' lang='lat' dir='ltr'>alio</span> <span class='ocrx_word' id='word_1_189' title='bbox 600 2387 692 2462; x_wconf 88' lang='lat' dir='ltr'>atque</span> <span class='ocrx_word' id='word_1_190' title='bbox 714 2371 832 2460; x_wconf 78' lang='grc' dir='ltr'><strong><em>ἀγανόν</em></strong></span> <span class='ocrx_word' id='word_1_191' title='bbox 855 2372 892 2442; x_wconf 88' lang='grc' dir='ltr'>τὸ</span> <span class='ocrx_word' id='word_1_192' title='bbox 920 2371 1069 2462; x_wconf 73' lang='grc' dir='ltr'><strong><em>προςηνές</em></strong></span> <span class='ocrx_word' id='word_1_193' title='bbox 1094 2395 1157 2443; x_wconf 85' lang='lat' dir='ltr'>no-</span> 
     </span>
     <span class='ocr_line' id='line_1_23' title="bbox 49 2473 1157 2562; baseline 0.003 -23"><span class='ocrx_word' id='word_1_194' title='bbox 49 2480 136 2540; x_wconf 86' lang='lat' dir='ltr'>tatur</span> <span class='ocrx_word' id='word_1_195' title='bbox 155 2484 303 2562; x_wconf 81' lang='lat' dir='ltr'>accentu,</span> <span class='ocrx_word' id='word_1_196' title='bbox 331 2478 483 2544; x_wconf 85' lang='lat' dir='ltr'>diastolae</span> <span class='ocrx_word' id='word_1_197' title='bbox 506 2497 601 2544; x_wconf 89' lang='lat' dir='ltr'>causa</span> <span class='ocrx_word' id='word_1_198' title='bbox 622 2480 686 2543; x_wconf 89' lang='lat' dir='ltr'>lieri</span> <span class='ocrx_word' id='word_1_199' title='bbox 713 2477 842 2543; x_wconf 83' lang='lat' dir='ltr'>uidetur.</span> <span class='ocrx_word' id='word_1_200' title='bbox 883 2477 961 2541; x_wconf 88' lang='lat' dir='ltr'>Illud</span> <span class='ocrx_word' id='word_1_201' title='bbox 982 2479 1020 2542; x_wconf 88' lang='lat' dir='ltr'>ab</span> <span class='ocrx_word' id='word_1_202' title='bbox 1042 2473 1157 2560; x_wconf 75' lang='grc' dir='ltr'><strong><em>ἄγνυμτ</em></strong></span> 
     </span>
     <span class='ocr_line' id='line_1_24' title="bbox 48 2566 1154 2662; baseline 0.005 -26"><span class='ocrx_word' id='word_1_203' title='bbox 48 2566 111 2658; x_wconf 64' lang='lat' dir='ltr'>lp}</span> <span class='ocrx_word' id='word_1_204' title='bbox 132 2575 286 2656; x_wconf 79' lang='lat' dir='ltr'>sructura</span> <span class='ocrx_word' id='word_1_205' title='bbox 307 2576 475 2642; x_wconf 84' lang='lat' dir='ltr'>derivatum</span> <span class='ocrx_word' id='word_1_206' title='bbox 498 2586 556 2662; x_wconf 89' lang='lat' dir='ltr'>est,</span> <span class='ocrx_word' id='word_1_207' title='bbox 578 2578 658 2642; x_wconf 91' lang='lat' dir='ltr'>unde</span> <span class='ocrx_word' id='word_1_208' title='bbox 685 2572 810 2658; x_wconf 73' lang='grc' dir='ltr'><em>ὥγανον</em></span> <span class='ocrx_word' id='word_1_209' title='bbox 839 2581 870 2640; x_wconf 90' lang='lat' dir='ltr'>et</span> <span class='ocrx_word' id='word_1_210' title='bbox 897 2571 1092 2659; x_wconf 77' lang='grc' dir='ltr'><strong><em>περιώγανον</em></strong></span> <span class='ocrx_word' id='word_1_211' title='bbox 1117 2571 1154 2641; x_wconf 83' lang='grc' dir='ltr'>τὸ</span> 
     </span>
     <span class='ocr_line' id='line_1_25' title="bbox 48 2668 1154 2755; baseline 0.005 -18"><span class='ocrx_word' id='word_1_212' title='bbox 48 2668 222 2755; x_wconf 76' lang='grc' dir='ltr'><strong><em>ἐπίσωτρον</em></strong></span> <span class='ocrx_word' id='word_1_213' title='bbox 243 2676 372 2740; x_wconf 88' lang='lat' dir='ltr'>canthus</span> <span class='ocrx_word' id='word_1_214' title='bbox 393 2683 482 2740; x_wconf 88' lang='lat' dir='ltr'>rotae</span> <span class='ocrx_word' id='word_1_215' title='bbox 504 2677 715 2741; x_wconf 86' lang='lat' dir='ltr'>circumflexus</span> <span class='ocrx_word' id='word_1_216' title='bbox 739 2677 813 2740; x_wconf 87' lang='lat' dir='ltr'>etin</span> <span class='ocrx_word' id='word_1_217' title='bbox 830 2676 935 2740; x_wconf 83' lang='lat' dir='ltr'>orbern</span> <span class='ocrx_word' id='word_1_218' title='bbox 949 2677 1154 2742; x_wconf 77' lang='lat' dir='ltr'>circumactus</span> 
     </span>
     <span class='ocr_line' id='line_1_26' title="bbox 52 2766 1154 2858; baseline 0.003 -23"><span class='ocrx_word' id='word_1_219' title='bbox 52 2766 140 2851; x_wconf 75' lang='grc' dir='ltr'>(ἁψὶς</span> <span class='ocrx_word' id='word_1_220' title='bbox 155 2769 302 2856; x_wconf 78' lang='grc' dir='ltr'>περιηγής</span> <span class='ocrx_word' id='word_1_221' title='bbox 318 2775 387 2840; x_wconf 88' lang='lat' dir='ltr'>Sch.</span> <span class='ocrx_word' id='word_1_222' title='bbox 400 2776 545 2856; x_wconf 84' lang='lat' dir='ltr'>Apellen.</span> <span class='ocrx_word' id='word_1_223' title='bbox 561 2776 609 2843; x_wconf 91' lang='lat'><em>111.</em></span> <span class='ocrx_word' id='word_1_224' title='bbox 627 2776 709 2858; x_wconf 84' lang='lat'>138.)</span> <span class='ocrx_word' id='word_1_225' title='bbox 722 2777 850 2858; x_wconf 85' lang='lat' dir='ltr'>parique</span> <span class='ocrx_word' id='word_1_226' title='bbox 872 2776 1026 2839; x_wconf 79' lang='lat' dir='ltr'>fracturae</span> <span class='ocrx_word' id='word_1_227' title='bbox 1045 2781 1076 2838; x_wconf 89' lang='lat' dir='ltr'>et</span> <span class='ocrx_word' id='word_1_228' title='bbox 1096 2775 1154 2838; x_wconf 88' lang='lat' dir='ltr'>lle-</span> 
     </span>
     <span class='ocr_line' id='line_1_27' title="bbox 51 2872 1153 2956; baseline 0.004 -22"><span class='ocrx_word' id='word_1_229' title='bbox 51 2889 147 2937; x_wconf 84' lang='lat' dir='ltr'>nurae</span> <span class='ocrx_word' id='word_1_230' title='bbox 165 2874 350 2936; x_wconf 77' lang='lat' dir='ltr'>confusione</span> <span class='ocrx_word' id='word_1_231' title='bbox 364 2874 464 2938; x_wconf 90' lang='lat' dir='ltr'>Latini</span> <span class='ocrx_word' id='word_1_232' title='bbox 478 2877 647 2956; x_wconf 82' lang='lat' dir='ltr'>anfractus</span> <span class='ocrx_word' id='word_1_233' title='bbox 664 2876 768 2939; x_wconf 89' lang='lat' dir='ltr'>dicunt</span> <span class='ocrx_word' id='word_1_234' title='bbox 780 2891 836 2955; x_wconf 89' lang='lat' dir='ltr'>pra</span> <span class='ocrx_word' id='word_1_235' title='bbox 849 2874 995 2937; x_wconf 87' lang='lat' dir='ltr'>circuitus</span> <span class='ocrx_word' id='word_1_236' title='bbox 1013 2877 1044 2936; x_wconf 88' lang='lat' dir='ltr'>et</span> <span class='ocrx_word' id='word_1_237' title='bbox 1055 2872 1153 2953; x_wconf 81' lang='lat' dir='ltr'>suaa-</span> 
     </span>
     <span class='ocr_line' id='line_1_28' title="bbox 51 2971 1150 3056; baseline 0.001 -21"><span class='ocrx_word' id='word_1_238' title='bbox 51 2990 125 3050; x_wconf 83' lang='lat' dir='ltr'>pere</span> <span class='ocrx_word' id='word_1_239' title='bbox 145 2973 296 3052; x_wconf 77' lang='lat' dir='ltr'>capillum</span> <span class='ocrx_word' id='word_1_240' title='bbox 317 2989 374 3052; x_wconf 91' lang='lat' dir='ltr'>prc</span> <span class='ocrx_word' id='word_1_241' title='bbox 390 2973 512 3038; x_wconf 85' lang='lat' dir='ltr'>flectere</span> <span class='ocrx_word' id='word_1_242' title='bbox 525 2993 552 3038; x_wconf 82' lang='lat' dir='ltr'>v.</span> <span class='ocrx_word' id='word_1_243' title='bbox 568 2975 724 3056; x_wconf 78' lang='lat' dir='ltr'>Spalding.</span> <span class='ocrx_word' id='word_1_244' title='bbox 747 2973 785 3037; x_wconf 88' lang='lat' dir='ltr'>ad</span> <span class='ocrx_word' id='word_1_245' title='bbox 804 2973 927 3048; x_wconf 86' lang='lat' dir='ltr'>Quintil.</span> <span class='ocrx_word' id='word_1_246' title='bbox 944 2972 965 3036; x_wconf 90' lang='lat' dir='ltr'>l.</span> <span class='ocrx_word' id='word_1_247' title='bbox 980 2971 1009 3052; x_wconf 81' lang='lat'>6,</span> <span class='ocrx_word' id='word_1_248' title='bbox 1024 2972 1073 3036; x_wconf 88' lang='grc'>44.</span> <span class='ocrx_word' id='word_1_249' title='bbox 1087 2973 1150 3052; x_wconf 83' lang='lat' dir='ltr'>tipo</span> 
     </span>
     <span class='ocr_line' id='line_1_29' title="bbox 51 3069 1151 3151; baseline 0.003 -19"><span class='ocrx_word' id='word_1_250' title='bbox 51 3070 178 3148; x_wconf 78' lang='lat' dir='ltr'>fruetus</span> <span class='ocrx_word' id='word_1_251' title='bbox 208 3086 264 3151; x_wconf 90' lang='lat' dir='ltr'>prc</span> <span class='ocrx_word' id='word_1_252' title='bbox 293 3087 441 3135; x_wconf 81' lang='lat' dir='ltr'>recurvus</span> <span class='ocrx_word' id='word_1_253' title='bbox 470 3072 628 3136; x_wconf 85' lang='lat' dir='ltr'>Columell.</span> <span class='ocrx_word' id='word_1_254' title='bbox 658 3073 695 3137; x_wconf 89' lang='lat' dir='ltr'>de</span> <span class='ocrx_word' id='word_1_255' title='bbox 717 3072 750 3136; x_wconf 85' lang='lat' dir='ltr'>C.</span> <span class='ocrx_word' id='word_1_256' title='bbox 775 3072 810 3135; x_wconf 88' lang='lat' dir='ltr'>H.</span> <span class='ocrx_word' id='word_1_257' title='bbox 834 3091 862 3135; x_wconf 82' lang='lat' dir='ltr'>v.</span> <span class='ocrx_word' id='word_1_258' title='bbox 884 3069 934 3137; x_wconf 83' lang='lat'>89.</span> <span class='ocrx_word' id='word_1_259' title='bbox 959 3077 989 3134; x_wconf 90' lang='lat' dir='ltr'>ct</span> <span class='ocrx_word' id='word_1_260' title='bbox 1014 3070 1151 3150; x_wconf 76' lang='lat' dir='ltr'>frenare</span> 
     </span>
     <span class='ocr_line' id='line_1_30' title="bbox 51 3168 1152 3251; baseline 0.003 -20"><span class='ocrx_word' id='word_1_261' title='bbox 51 3171 193 3248; x_wconf 83' lang='lat' dir='ltr'>eipiltcm</span> <span class='ocrx_word' id='word_1_262' title='bbox 216 3171 349 3233; x_wconf 78' lang='lat' dir='ltr'>circuire</span> <span class='ocrx_word' id='word_1_263' title='bbox 368 3171 487 3236; x_wconf 84' lang='lat' dir='ltr'>Fest²¹</span> <span class='ocrx_word' id='word_1_264' title='bbox 528 3171 694 3235; x_wconf 85' lang='lat' dir='ltr'>Praeterea</span> <span class='ocrx_word' id='word_1_265' title='bbox 714 3170 774 3234; x_wconf 89' lang='lat' dir='ltr'>dun</span> <span class='ocrx_word' id='word_1_266' title='bbox 797 3177 870 3234; x_wconf 91' lang='lat' dir='ltr'>sunt</span> <span class='ocrx_word' id='word_1_267' title='bbox 894 3168 1048 3250; x_wconf 87' lang='lat' dir='ltr'>adjectiva</span> <span class='ocrx_word' id='word_1_268' title='bbox 1074 3187 1152 3251; x_wconf 90' lang='lat' dir='ltr'>prc-</span> 
     </span>
    </p>
   </div>
   <div class='ocr_carea' id='block_1_5' title="bbox 51 3324 1163 4146">
    <p class='ocr_par' dir='ltr' id='par_1_5' title="bbox 51 3324 1151 3464">
     <span class='ocr_line' id='line_1_31' title="bbox 113 3324 1151 3396; baseline 0.002 -20"><span class='ocrx_word' id='word_1_269' title='bbox 113 3325 161 3392; x_wconf 83' lang='grc'>20)</span> <span class='ocrx_word' id='word_1_270' title='bbox 188 3326 282 3384; x_wconf 77' lang='grc' dir='ltr'><em>Πῖλον,</em></span> <span class='ocrx_word' id='word_1_271' title='bbox 302 3325 423 3396; x_wconf 74' lang='grc' dir='ltr'><em>κεφαλῆς</em></span> <span class='ocrx_word' id='word_1_272' title='bbox 440 3329 578 3378; x_wconf 76' lang='grc' dir='ltr'><em>σκέπανον</em></span> <span class='ocrx_word' id='word_1_273' title='bbox 593 3325 670 3380; x_wconf 86' lang='lat' dir='ltr'>Anlh.</span> <span class='ocrx_word' id='word_1_274' title='bbox 689 3327 733 3382; x_wconf 87' lang='lat' dir='ltr'>Vl.</span> <span class='ocrx_word' id='word_1_275' title='bbox 752 3342 777 3380; x_wconf 89' lang='lat' dir='ltr'>n.</span> <span class='ocrx_word' id='word_1_276' title='bbox 797 3324 855 3384; x_wconf 81' lang='grc'>298.</span> <span class='ocrx_word' id='word_1_277' title='bbox 875 3329 1005 3396; x_wconf 77' lang='lat' dir='ltr'>appositio</span> <span class='ocrx_word' id='word_1_278' title='bbox 1029 3340 1089 3381; x_wconf 85' lang='lat' dir='ltr'>esse</span> <span class='ocrx_word' id='word_1_279' title='bbox 1106 3329 1151 3380; x_wconf 84' lang='lat' dir='ltr'>vi-</span> 
     </span>
     <span class='ocr_line' id='line_1_32' title="bbox 51 3407 129 3464; baseline 0 -2"><span class='ocrx_word' id='word_1_280' title='bbox 51 3407 129 3464; x_wconf 83' lang='lat' dir='ltr'>detur.</span> 
     </span>
    </p>

    <p class='ocr_par' dir='ltr' id='par_1_6' title="bbox 51 3489 1163 4146">
     <span class='ocr_line' id='line_1_33' title="bbox 112 3489 1150 3562; baseline -0.002 -14"><span class='ocrx_word' id='word_1_281' title='bbox 112 3491 160 3560; x_wconf 83' lang='lat'>21)</span> <span class='ocrx_word' id='word_1_282' title='bbox 181 3489 227 3544; x_wconf 87' lang='lat' dir='ltr'>Sic</span> <span class='ocrx_word' id='word_1_283' title='bbox 256 3491 350 3548; x_wconf 84' lang='lat' dir='ltr'>Graeci</span> <span class='ocrx_word' id='word_1_284' title='bbox 376 3507 481 3562; x_wconf 84' lang='lat' dir='ltr'>qunque</span> <span class='ocrx_word' id='word_1_285' title='bbox 507 3490 620 3561; x_wconf 77' lang='grc' dir='ltr'><strong><em>κάμψαι</em></strong></span> <span class='ocrx_word' id='word_1_286' title='bbox 644 3491 694 3557; x_wconf 78' lang='grc' dir='ltr'>τὴν</span> <span class='ocrx_word' id='word_1_287' title='bbox 715 3492 817 3562; x_wconf 78' lang='grc' dir='ltr'><strong><em>ἄκραν,</em></strong></span> <span class='ocrx_word' id='word_1_288' title='bbox 843 3491 913 3546; x_wconf 88' lang='lat' dir='ltr'>unde</span> <span class='ocrx_word' id='word_1_289' title='bbox 937 3491 1035 3546; x_wconf 87' lang='lat' dir='ltr'>Ennius</span> <span class='ocrx_word' id='word_1_290' title='bbox 1058 3493 1150 3546; x_wconf 87' lang='lat' dir='ltr'>sumsit</span> 
     </span>
     <span class='ocr_line' id='line_1_34' title="bbox 51 3573 1147 3644; baseline 0.004 -20"><span class='ocrx_word' id='word_1_291' title='bbox 51 3590 182 3642; x_wconf 76' lang='lat' dir='ltr'>campanae</span> <span class='ocrx_word' id='word_1_292' title='bbox 200 3577 342 3642; x_wconf 64' lang='lat' dir='ltr'>mutem,</span> <span class='ocrx_word' id='word_1_293' title='bbox 360 3581 388 3630; x_wconf 87' lang='lat' dir='ltr'>ut</span> <span class='ocrx_word' id='word_1_294' title='bbox 405 3577 503 3640; x_wconf 69' lang='lat' dir='ltr'>cecum</span> <span class='ocrx_word' id='word_1_295' title='bbox 519 3577 717 3644; x_wconf 71' lang='lat' dir='ltr'>promontorium</span> <span class='ocrx_word' id='word_1_296' title='bbox 732 3575 787 3630; x_wconf 84' lang='lat' dir='ltr'>Cic.</span> <span class='ocrx_word' id='word_1_297' title='bbox 809 3573 843 3630; x_wconf 84' lang='lat' dir='ltr'>de</span> <span class='ocrx_word' id='word_1_298' title='bbox 860 3575 944 3628; x_wconf 76' lang='lat' dir='ltr'>Diria.</span> <span class='ocrx_word' id='word_1_299' title='bbox 958 3576 991 3629; x_wconf 91' lang='lat'>11.</span> <span class='ocrx_word' id='word_1_300' title='bbox 1004 3577 1046 3632; x_wconf 87' lang='grc'>45.</span> <span class='ocrx_word' id='word_1_301' title='bbox 1080 3576 1147 3630; x_wconf 86' lang='lat' dir='ltr'>Ser-</span> 
     </span>
     <span class='ocr_line' id='line_1_35' title="bbox 51 3657 1147 3728; baseline 0.003 -18"><span class='ocrx_word' id='word_1_302' title='bbox 51 3672 88 3711; x_wconf 89' lang='lat' dir='ltr'>nc</span> <span class='ocrx_word' id='word_1_303' title='bbox 106 3659 223 3725; x_wconf 83' lang='lat' dir='ltr'>uulgaris</span> <span class='ocrx_word' id='word_1_304' title='bbox 242 3657 369 3710; x_wconf 76' lang='lat' dir='ltr'>cambiare</span> <span class='ocrx_word' id='word_1_305' title='bbox 390 3673 436 3728; x_wconf 89' lang='lat' dir='ltr'>pru</span> <span class='ocrx_word' id='word_1_306' title='bbox 458 3661 565 3726; x_wconf 84' lang='lat' dir='ltr'>circaue,</span> <span class='ocrx_word' id='word_1_307' title='bbox 584 3673 684 3727; x_wconf 77' lang='lat' dir='ltr'>gyrare,</span> <span class='ocrx_word' id='word_1_308' title='bbox 706 3664 732 3714; x_wconf 90' lang='lat' dir='ltr'>et</span> <span class='ocrx_word' id='word_1_309' title='bbox 750 3659 873 3710; x_wconf 77' lang='lat' dir='ltr'>camitem</span> <span class='ocrx_word' id='word_1_310' title='bbox 889 3659 915 3712; x_wconf 86' lang='lat' dir='ltr'>h.</span> <span class='ocrx_word' id='word_1_311' title='bbox 930 3674 954 3714; x_wconf 94' lang='lat' dir='ltr'>e.</span> <span class='ocrx_word' id='word_1_312' title='bbox 969 3673 1077 3714; x_wconf 85' lang='lat' dir='ltr'>versura</span> <span class='ocrx_word' id='word_1_313' title='bbox 1094 3673 1147 3726; x_wconf 92' lang='lat' dir='ltr'>pe-</span> 
     </span>
     <span class='ocr_line' id='line_1_36' title="bbox 53 3737 1147 3809; baseline -0.002 -15"><span class='ocrx_word' id='word_1_314' title='bbox 53 3743 142 3796; x_wconf 87' lang='lat' dir='ltr'>cuniae</span> <span class='ocrx_word' id='word_1_315' title='bbox 160 3755 230 3809; x_wconf 89' lang='lat' dir='ltr'>quae</span> <span class='ocrx_word' id='word_1_316' title='bbox 250 3742 398 3795; x_wconf 87' lang='lat' dir='ltr'>circitorum</span> <span class='ocrx_word' id='word_1_317' title='bbox 415 3757 487 3796; x_wconf 89' lang='lat' dir='ltr'>more</span> <span class='ocrx_word' id='word_1_318' title='bbox 506 3743 537 3795; x_wconf 88' lang='lat' dir='ltr'>ab</span> <span class='ocrx_word' id='word_1_319' title='bbox 555 3757 606 3796; x_wconf 90' lang='lat' dir='ltr'>uno</span> <span class='ocrx_word' id='word_1_320' title='bbox 626 3743 658 3796; x_wconf 84' lang='lat' dir='ltr'>ad</span> <span class='ocrx_word' id='word_1_321' title='bbox 677 3743 784 3798; x_wconf 85' lang='lat' dir='ltr'>alterurn</span> <span class='ocrx_word' id='word_1_322' title='bbox 803 3748 944 3808; x_wconf 86' lang='lat' dir='ltr'>commeat;</span> <span class='ocrx_word' id='word_1_323' title='bbox 962 3737 1034 3796; x_wconf 88' lang='lat' dir='ltr'>unde</span> <span class='ocrx_word' id='word_1_324' title='bbox 1051 3755 1147 3795; x_wconf 87' lang='lat' dir='ltr'>nornen</span> 
     </span>
     <span class='ocr_line' id='line_1_37' title="bbox 53 3823 1147 3895; baseline 0 -18"><span class='ocrx_word' id='word_1_325' title='bbox 53 3839 155 3881; x_wconf 86' lang='lat' dir='ltr'>mensae</span> <span class='ocrx_word' id='word_1_326' title='bbox 176 3823 321 3876; x_wconf 72' lang='lat' dir='ltr'>caucanet:</span> <span class='ocrx_word' id='word_1_327' title='bbox 338 3825 434 3892; x_wconf 80' lang='lat' dir='ltr'>(banco</span> <span class='ocrx_word' id='word_1_328' title='bbox 455 3826 481 3878; x_wconf 89' lang='lat' dir='ltr'>di</span> <span class='ocrx_word' id='word_1_329' title='bbox 502 3825 571 3893; x_wconf 83' lang='lat' dir='ltr'>gire)</span> <span class='ocrx_word' id='word_1_330' title='bbox 596 3840 648 3895; x_wconf 87' lang='lat' dir='ltr'>qua</span> <span class='ocrx_word' id='word_1_331' title='bbox 674 3827 723 3880; x_wconf 89' lang='lat' dir='ltr'>soli</span> <span class='ocrx_word' id='word_1_332' title='bbox 748 3827 789 3880; x_wconf 93' lang='lat' dir='ltr'>usi</span> <span class='ocrx_word' id='word_1_333' title='bbox 812 3832 871 3880; x_wconf 88' lang='lat' dir='ltr'>sunt</span> <span class='ocrx_word' id='word_1_334' title='bbox 894 3826 1002 3879; x_wconf 83' lang='lat' dir='ltr'>Romani</span> <span class='ocrx_word' id='word_1_335' title='bbox 1026 3829 1147 3893; x_wconf 82' lang='lat' dir='ltr'>expertes</span> 
     </span>
     <span class='ocr_line' id='line_1_38' title="bbox 52 3904 1163 3977; baseline -0.003 -17"><span class='ocrx_word' id='word_1_336' title='bbox 52 3906 126 3973; x_wconf 82' lang='lat' dir='ltr'>injus</span> <span class='ocrx_word' id='word_1_337' title='bbox 144 3908 265 3974; x_wconf 85' lang='lat' dir='ltr'>instituti,</span> <span class='ocrx_word' id='word_1_338' title='bbox 284 3909 354 3977; x_wconf 88' lang='lat' dir='ltr'>quod</span> <span class='ocrx_word' id='word_1_339' title='bbox 373 3925 388 3964; x_wconf 91' lang='lat' dir='ltr'>a</span> <span class='ocrx_word' id='word_1_340' title='bbox 404 3908 538 3965; x_wconf 86' lang='lat' dir='ltr'>schedulis</span> <span class='ocrx_word' id='word_1_341' title='bbox 556 3912 764 3977; x_wconf 80' lang='lat' dir='ltr'>cognominatum</span> <span class='ocrx_word' id='word_1_342' title='bbox 782 3914 822 3966; x_wconf 88' lang='lat' dir='ltr'>est</span> <span class='ocrx_word' id='word_1_343' title='bbox 838 3906 1031 3975; x_wconf 61' lang='lat' dir='ltr'>(micelenei).</span> <span class='ocrx_word' id='word_1_344' title='bbox 1071 3904 1163 3972; x_wconf 51' lang='lat' dir='ltr'>Quod,</span> 
     </span>
     <span class='ocr_line' id='line_1_39' title="bbox 53 3989 1148 4061; baseline 0.001 -19"><span class='ocrx_word' id='word_1_345' title='bbox 53 3989 239 4046; x_wconf 83' lang='lat' dir='ltr'>Lindemannus</span> <span class='ocrx_word' id='word_1_346' title='bbox 260 3991 293 4044; x_wconf 88' lang='lat' dir='ltr'>ad</span> <span class='ocrx_word' id='word_1_347' title='bbox 311 3991 381 4048; x_wconf 83' lang='lat' dir='ltr'>Fest.</span> <span class='ocrx_word' id='word_1_348' title='bbox 400 3993 418 4046; x_wconf 89' lang='lat' dir='ltr'>l.</span> <span class='ocrx_word' id='word_1_349' title='bbox 437 4009 461 4048; x_wconf 90' lang='lat' dir='ltr'>c.</span> <span class='ocrx_word' id='word_1_350' title='bbox 479 3995 659 4061; x_wconf 84' lang='lat' dir='ltr'>pronunciarit</span> <span class='ocrx_word' id='word_1_351' title='bbox 675 3993 739 4047; x_wconf 89' lang='lat' dir='ltr'>illud</span> <span class='ocrx_word' id='word_1_352' title='bbox 756 3993 870 4060; x_wconf 66' lang='lat' dir='ltr'>sincere</span> <span class='ocrx_word' id='word_1_353' title='bbox 886 4005 947 4048; x_wconf 88' lang='lat' dir='ltr'>esse</span> <span class='ocrx_word' id='word_1_354' title='bbox 972 3991 1148 4057; x_wconf 79' lang='lat' dir='ltr'>germanicum</span> 
     </span>
     <span class='ocr_line' id='line_1_40' title="bbox 56 4073 623 4146; baseline 0.016 -23"><span class='ocrx_word' id='word_1_355' title='bbox 56 4073 155 4142; x_wconf 75' lang='lat' dir='ltr'>saepen,</span> <span class='ocrx_word' id='word_1_356' title='bbox 170 4075 227 4142; x_wconf 78' lang='lat' dir='ltr'>Joei</span> <span class='ocrx_word' id='word_1_357' title='bbox 246 4087 325 4131; x_wconf 83' lang='lat' dir='ltr'>causa</span> <span class='ocrx_word' id='word_1_358' title='bbox 343 4078 440 4132; x_wconf 87' lang='lat' dir='ltr'>dictura</span> <span class='ocrx_word' id='word_1_359' title='bbox 458 4091 519 4134; x_wconf 87' lang='lat' dir='ltr'>esse</span> <span class='ocrx_word' id='word_1_360' title='bbox 536 4089 623 4146; x_wconf 88' lang='lat' dir='ltr'>spero.</span> 
     </span>
    </p>
   </div>
   <div class='ocr_carea' id='block_1_6' title="bbox 0 0 1390 4994">
    <p class='ocr_par' dir='ltr' id='par_1_7' title="bbox 0 0 1390 4994">
     <span class='ocr_line' id='line_1_41' title="bbox 0 0 1390 4994; baseline 0 0"><span class='ocrx_word' id='word_1_361' title='bbox 0 0 1390 4994; x_wconf 95' lang='lat' dir='ltr'> </span> 
     </span>
    </p>
   </div>
  </div>
 </body>
</html>
