2758 4994
153 282 208 348 DE
228 281 323 350 ΝΟΜ.
346 281 511 359 QUORUM
532 283 645 348 cittii
667 283 743 348 EST
762 283 953 368 Laciacis.
975 284 1007 350 C.
1020 285 1069 351 ΠΙ.
1095 288 1169 356 »999

52 443 168 532 ticine*
187 443 311 532 Κυβέλη
333 447 460 528 Cybelle
480 466 508 514 v.
529 449 659 529 interpr.
682 448 721 514 ad
741 450 855 514 Lucan.
876 451 897 514 1.
915 449 985 516 600.
1007 449 1047 514 ad
1066 453 1173 532 graeci

55 547 221 612 sermonis
241 563 379 611 normam
401 549 524 628 exigere
542 563 606 610 non
621 547 739 612 attinet.
760 547 878 611 Labiali
890 547 1042 612 interdum
1060 567 1096 613 se
1112 555 1172 632 ορ-

54 645 162 728 plicat
188 644 310 708 labialis
336 647 464 730 χηραμίς
489 641 645 728 χηράμβη,
682 645 733 709 vel
761 645 893 710 dentalis
921 642 1080 731 μόλιβδος,
1111 669 1172 731 χοι-

53 738 227 826 λυβδικός,
254 739 401 828 χάρυβδις
426 747 445 810 i.
467 763 495 827 q.
517 743 640 828 φάραγξ
659 761 777 826 vorago
799 745 870 808 Eur.
893 745 999 828 Suppl.
1019 747 1091 811 500.
1120 749 1171 814 vcl

53 842 182 924 liquida
198 835 362 927 Ἀκραιφίο
378 837 594 928 Ἇιιραίφνιοιι,
624 860 797 925 quanquam
819 844 909 923 hujus
931 846 1063 911 nominis
1084 854 1172 911 stru·

54 950 155 1008 ctura
175 959 238 1006 non
259 945 375 1008 certius
397 946 522 1024 cognita
543 951 591 1008 est
613 960 703 1025 qaam
718 941 861 1023 adjectivi
880 935 1062 1026 ἀκραίφνρς.
1092 945 1170 1012 Pcac

55 1043 180 1106 ceteris
200 1042 278 1106 haec
293 1043 381 1106 litera
394 1044 524 1108 inservit
543 1042 646 1106 verbis
665 1040 828 1105 labialibus
842 1043 874 1106 in
888 1043 1012 1106 nemina
1027 1042 1173 1112 derivan-

56 1141 133 1224 οἱς,
169 1141 280 1224 οιίλβω
302 1139 443 1216 evitavit
463 1137 563 1222 τέριιω
584 1133 726 1222 τερπνός,
755 1156 813 1204 nec
840 1141 966 1204 multum
987 1141 1077 1206 abest
1096 1143 1173 1222 quin

53 1235 228 1323 θεράπνη,
255 1239 338 1321 qaod
366 1240 561 1306 Grammatici
582 1257 621 1303 ex
640 1233 817 1321 θεράπαινα
839 1245 1031 1304 contractum
1052 1247 1170 1326 putant,

55 1359 78 1404 a
102 1335 213 1420 θέροψ
234 1338 416 1404 caecatum
438 1338 536 1404 dicam
558 1343 647 1420 cujus
669 1339 812 1402 feminina
828 1340 943 1421 positio
958 1334 1080 1423 θεράπη
1099 1341 1172 1422 flagi

54 1443 179 1523 potest
225 1443 233 1462 ⁴
301 1432 308 1456 ²
394 1433 537 1522 Μερόπη.
579 1441 626 1502 Ac
654 1438 753 1502 simile
779 1434 886 1521 ἐρίποη
913 1439 974 1520 ipsi
994 1456 1058 1503 non
1079 1438 1172 1506 dubi·

57 1545 141 1684 tana
179 1510 190 1560 ‘¹
264 1440 496 1701 Ἃἷκιιοροίοιο.
532 1537 594 1602 Sed
615 1532 764 1622 ιἰγρείφνη
784 1539 928 1618 ignorant
949 1532 1065 1620 ἀγριφη
1087 1539 1172 1604 scri·

56 1641 118 1704 be*
317 1638 343 1700 ie
365 1638 559 1702 extrinsecus
580 1637 702 1702 additae
717 1636 888 1718 exemplum
903 1644 1019 1700 certum
1032 1636 1088 1702 sed
1099 1638 1171 1704 uai-

56 1731 81 1800 ι’
209 1797 221 1818 ,
297 1729 497 1818 ιάργύφιος,
525 1736 608 1818 quod
637 1743 765 1818 propter
793 1751 951 1800 consonae
972 1737 1172 1802 mutationem

155 1815 207 1878 π’
289 1855 303 1896 ι
319 1843 349 1898 et
366 1832 511 1918 ξυλήριοο
529 1836 663 1899 conferri
680 1841 799 1917 posset,
821 1835 881 1898 nisi
894 1840 1055 1914 utrumque
1070 1832 1172 1902 mendi

289 1933 408 2015 eberet3
438 1951 509 1998 nam
529 1935 561 1998 in
581 1931 655 1996 EM(
674 1925 835 2013 ξυλήφιον·
856 1925 1062 2014 δοκιμώτεροο
1082 1927 1115 1994 δὲ
1134 1925 1171 1996 τὸ

308 2029 460 2115 ξολάριον,
480 2050 537 2114 pro
555 2034 657 2114 ¹prime
675 2026 828 2112 ξυλάφιοο
847 2030 992 2094 substitui
1006 2028 1045 2093 ad
1058 2029 1169 2108 Paria

287 2133 421 2197 secundo
444 2131 614 2196 Meinekius
634 2131 666 2192 in
686 2129 824 2194 Alexidis
852 2145 945 2192 versu
966 2128 1012 2192 Fr.
1034 2128 1100 2192 Vol.
1122 2128 1171 2195 111.

288 2253 348 2307 ιον,
377 2231 460 2312 quod
488 2246 599 2294 vereor
625 2245 665 2292 ne
687 2229 727 2292 ch
749 2226 921 2308 epalleliam
941 2226 1025 2292 illam
1046 2227 1173 2308 probari

319 2336 401 2396 certe
429 2332 508 2394 enim
536 2347 555 2392 a
585 2324 783 2410 Πριάμυλλος
812 2342 876 2390 non
900 2322 1172 2408 Πριαμυλλύᾶριον

307 2429 402 2494 temus
431 2427 487 2493 sed
515 2434 632 2492 mutata
658 2426 759 2490 vocali
783 2420 1060 2507 Πριαμιλλύὸριον,
1089 2423 1173 2506 quod

309 2545 358 2591 um
380 2534 428 2591 est
449 2528 481 2591 in
501 2524 617 2589 Anecd.
637 2525 731 2590 Bekk.
755 2524 843 2589 1413.
865 2525 894 2588 h.
926 2524 1024 2588 Cram.
1046 2524 1081 2587 li.
1103 2522 1172 2588 126.

312 2643 346 2690 cc
367 2632 441 2708 puto
462 2621 641 2706 μυθύδριοο
666 2623 717 2687 vel
744 2623 843 2688 simile
871 2622 943 2704 quid
969 2623 1070 2686 ictam
1100 2638 1172 2688 csse

309 2742 320 2786 ι
342 2726 441 2789 exitus
463 2730 604 2820 pateret·
613 2719 780 2805 ξυλήφιον,
809 2720 891 2802 qued
913 2721 1040 2802 saepius
1061 2721 1173 2802 legitur

332 2830 363 2888 et
382 2823 433 2888 36.
463 2829 494 2886 ct
520 2823 552 2887 in
580 2821 649 2886 cod.
675 2820 765 2888 Diod.
793 2820 841 2883 lv.
871 2821 920 2886 76.
950 2819 1002 2884 ubi
1030 2818 1174 2902 ξυλίφιον

66 3227 162 3276 yram.
184 3254 191 3260 ,
336 3203 427 3272 ὶίσφος
445 3199 609 3269 [ὑπόλισφος
626 3197 771 3272 ὀλισθηρός
788 3198 863 3267 Hes.)
882 3197 991 3269 ὄλιβρός
1016 3197 1086 3269 quod
1104 3197 1175 3254 idem

68 3286 216 3357 ὀλισθηρός
233 3286 305 3343 λεῖος
320 3291 512 3355 interpretatur,
533 3286 692 3352 latinumque
712 3283 830 3336 lubricae.

135 3373 164 3440 t)
184 3369 314 3438 Bergkius
331 3372 357 3424 in
376 3369 517 3425 Commeat.
542 3368 576 3423 de
599 3366 672 3421 Com.
698 3384 723 3435 p.
743 3367 784 3423 92.
803 3364 927 3434 Κοβήρη,
954 3368 1045 3434 inquit,
1070 3365 1174 3419 omnino

69 3472 115 3525 pro
133 3453 245 3523 Κοβὴκη
264 3454 428 3510 scribendum
447 3456 496 3510 est.
530 3451 640 3506 Scilicet
658 3449 690 3504 cb
708 3449 773 3504 nihii
792 3450 863 3505 aliud
882 3464 958 3518 quant
979 3448 1106 3518 quiahoc
1127 3461 1175 3501 ra-

70 3542 124 3594 rius
141 3539 248 3606 legitur.

509 3777 759 3789 *ιδ-*-
