2772 4992
19 232 86 296 DE
112 229 241 296 ΝΟΜ.
254 229 419 306 QUORUM
434 230 547 296 cimil.
562 231 639 298 EST
654 230 870 299 curruum.
894 234 926 299 C.
944 235 991 299 lv.
1011 242 1041 310 ς.
1057 236 1083 302 1.
1111 236 1181 302 843

19 415 55 462 n.
82 395 207 461 2554.
241 390 431 477 Τυνδάριχος
458 395 535 461 Ροίί.
563 397 611 462 Vl.
642 394 714 463 75ss
742 403 773 462 ct
799 404 904 464 cetera
931 417 1010 480 quae
1039 399 1179 482 Gregorii

19 498 261 576 interpretes
290 502 320 560 et
346 495 521 559 Boeelrhius
550 497 582 563 in
608 495 700 578 Corp.
721 497 817 562 inser.
838 499 860 562 l
883 515 912 578 p.
933 499 1002 564 725.
1034 499 1178 563 contule-

20 601 120 660 runt.
175 595 308 675 Hisque
330 594 476 674 copulata
504 601 578 658 sunt
604 595 747 660 feminine
767 595 893 679 Μητίχη
919 614 947 659 u.
970 597 1054 661 itast.
1077 597 1176 677 Epist.

21 714 56 777 p.
84 694 211 760 1584
237 693 366 775 Σιμίχη,
388 692 534 775 Δεινίχη,
562 692 717 774 Casperio
738 694 869 760 Zoticle
888 696 921 758 in
942 693 1062 759 Gmteri
1085 696 1174 760 Thes.

22 793 111 876 660,
139 793 178 856 7.
213 798 275 856 etc.
318 790 380 855 Sed
406 790 574 873 Μιίιοοίχη
594 792 690 857 Arist.
709 792 794 856 Eeel.
816 792 866 858 46.
894 792 1031 858 mulieris
1051 794 1174 858 Atticae

20 907 166 955 nomen
196 895 236 954 et
257 891 411 972 Βιίιοτίχη
431 892 565 971 Argivae
586 889 636 952 uel
656 890 884 974 Macedonicae,
915 891 998 972 quod
1020 909 1088 956 cum
1111 891 1174 954 Φί-

23 994 140 1064 λιστος
168 995 212 1052 et
240 988 557 1070 witterus-convenit,-
578 988 756 1053 masculinis
779 997 880 1072 caret3
903 983 1016 1073 Ἑκάτη
1042 995 1172 1074 Ψαμμη-

22 1089 105 1172 τίχη
130 1082 203 1150 διὰ
228 1081 265 1151 τὸ
287 1081 468 1169 iraeadem
487 1087 636 1168 τιμᾶσθαι
656 1086 749 1167 Harp.
770 1089 853 1169 quod
875 1090 903 1152 si
923 1105 1027 1154 uerum
1049 1094 1098 1152 est
1120 1089 1173 1170 (do

26 1197 101 1269 quo¹
129 1185 295 1268 equidem
316 1185 437 1266 dubito)
466 1202 529 1249 non
556 1185 644 1248 aliter
672 1188 869 1266 pronunciari
889 1187 980 1252 debet
1000 1205 1090 1268 quam
1111 1191 1173 1254 Eo-

28 1287 113 1369 μίχη
148 1293 190 1350 et
226 1291 331 1349 cetera
356 1300 485 1364 graeca3
514 1284 571 1350 sed
588 1277 740 1367 Ἐροσίχη,
762 1285 907 1368 Mecum,
930 1281 1053 1368 Σάοιχοι
1073 1303 1172 1368 neque

30 1403 76 1450 ex
102 1393 233 1464 etymo
259 1383 392 1464 judicari
420 1390 674 1464 possumusque
695 1384 880 1448 testimoniis
901 1393 1080 1467 poetarum;
1110 1403 1172 1452 uo-

29 1485 138 1548 minis
165 1483 278 1564 igncti
300 1481 450 1562 ίηιίοίιοο
471 1481 547 1546 duas
570 1483 691 1564 priores
713 1481 850 1560 syllabas
873 1485 1022 1566 corripuit
1034 1485 1171 1550 Auienus

33 1583 173 1648 inore
198 1581 303 1645 merit.
319 1578 390 1645 498.
410 1595 474 1642 non
496 1581 688 1645 certissimus
708 1580 760 1644 ille
782 1579 949 1661 prosodiae
971 1591 1086 1647 auctor.
1119 1584 1172 1647 Sic

36 1682 144 1745 etiam
159 1680 266 1760 vulgo
280 1673 479 1760 Ψαμμήτιχος
486 1679 594 1743 efferre
607 1680 743 1742 solemus
756 1696 919 1762 sponsore,
934 1681 1017 1761 quod
1032 1682 1170 1763 equidem

37 1779 264 1860 meminerim,
279 1777 373 1860 nullo,
386 1777 443 1840 sed
458 1777 611 1842 contrariu
624 1777 744 1841 ratione
762 1771 926 1861 Ἀίάριχος,
947 1780 1099 1864 Alaricus,
1120 1779 1171 1860 id-

39 1895 106 1959 que
130 1883 318 1960 praeeunte
340 1875 522 1958 Claudiano,
541 1881 572 1940 et
592 1875 631 1940 ad
652 1875 731 1938 lianc
751 1892 887 1940 normam
909 1871 1170 1956 eaetera'ltddoo-

41 1997 110 2057 χος,
129 1969 351 2058 {Adici-cietque
371 1974 484 2040 Zosim.
506 1975 554 2041 lv.
575 1974 624 2040 34.
647 1969 802 2056 Γεζέριχος
822 1975 911 2038 Proc.
934 1976 1029 2042 Vand.
1050 1979 1072 2042 l.
1095 1977 1125 2059 8,
1139 1975 1168 2041 9.

39 2068 225 2160 Ἰνδέριχος
254 2075 360 2139 Coust.
382 2074 517 2136 Manass.
552 2073 664 2139 Chion.
687 2072 774 2139 1332.
802 2089 859 2136 nec
881 2089 1035 2139 moremur
1056 2076 1170 2156 Conp-

47 2181 124 2255 pum
154 2171 405 2256 quidotziricl
432 2171 642 2250 dactylitem
670 2172 776 2252 posuit
804 2177 835 2236 et
849 2171 1049 2256 ,metonae
1087 2172 1171 2254 quod

47 2289 122 2338 cum
135 2273 325 2354 germanico
339 2270 492 2334 uocabulo
508 2271 595 2334 reici
610 2271 814 2351 compositum
827 2270 965 2335 labetur.
1008 2269 1070 2334 Sed
1089 2272 1170 2334 Θεο-

49 2367 193 2455 depexos
223 2373 291 2436 siue
320 2363 500 2450 Θεοδέριχος
527 2367 664 2432 Graecos
698 2385 762 2432 non
797 2369 887 2434 aliter
916 2369 1064 2434 extulisse
1092 2376 1167 2451 puto

51 2487 150 2550 quarn
173 2470 365 2552 graecanica
388 2462 562 2549 Θοώνιχος,
590 2462 751 2548 Οίώνιχος,
778 2462 959 2550 Λεόντιχος,
983 2461 1169 2549 Ἀχροίιιιχος

52 2574 84 2632 et
107 2576 226 2634 cetera
246 2587 265 2632 e
285 2568 475 2649 simplicibus
497 2566 709 2647 conjunctisue
730 2565 990 2648 derivatahisque
1006 2567 1118 2632 similia
1136 2567 1169 2630 in

53 2653 126 2742 meg?
147 2675 317 2749 cxytonon
331 2667 482 2731 exeuntia.
501 2664 551 2729 Ad
561 2665 813 2754 significationem
826 2665 909 2747 quod
923 2666 1043 2747 attinet,
1058 2658 1170 2748 Ὀλύμ-

53 2785 147 2848 ιιιχος
168 2767 250 2831 nihil
271 2766 369 2830 dillcrt
390 2766 429 2830 ab
449 2757 632 2847 Οίομιιοιός
653 2769 684 2827 οί
700 2759 884 2849 Ὀλύμπιος,
904 2765 1047 2846 idemque
1066 2764 1169 2829 ualent

58 2861 233 2940 Μυστικός
260 2864 448 2932 inscr.189.
478 2869 509 2928 ct
529 2862 722 2946 Μυσοοχίδης
742 2880 772 2927 n.
796 2863 864 2931 151.
903 2879 905 2886 ’
1002 2911 1005 2920 ·

144 3005 179 3090 5.
202 2997 233 3064 2.
273 2993 362 3061 Nunc
384 2987 421 3061 de
442 2995 565 3078 liquidis
587 2994 745 3078 egendum,
766 3013 846 3078 quae
866 2983 1051 3077 gutturalein
1069 2995 1167 3060 admi-

61 3095 250 3161 niculantur.
291 3095 348 3159 llic
369 3099 498 3177 primum
517 3096 550 3158 in
570 3094 651 3158 viam
670 3094 798 3158 incurrit
817 3092 960 3178 οεοχμός,
991 3098 1079 3176 eujus
1101 3096 1167 3176 pri·
1282 3093 1286 3102 '

61 3193 205 3258 mitirum
226 3193 298 3274 tingi
318 3194 433 3259 nullum
453 3197 559 3276 potest
578 3194 640 3259 nisi
653 3190 758 3275 οεοχός
778 3193 877 3258 simile
897 3195 959 3260 illis
975 3211 1054 3277 quae
1069 3194 1100 3259 C.
1116 3195 1165 3258 lIl.

132 3474 163 3542 3)
181 3475 348 3530 Praetermisi
365 3476 445 3530 multa
460 3489 528 3545 quae
546 3475 663 3532 derivata
680 3487 741 3530 esse
764 3489 816 3529 non
840 3478 954 3544 constat,
973 3472 1166 3544 Ψαμμήτιχος,

68 3569 114 3622 pro
126 3573 181 3626 quo
195 3558 324 3614 interdum
338 3557 520 3628 Ψομμὴτικος
532 3559 574 3627 (ut
584 3558 782 3626 nocteque)
796 3560 920 3626 scriptum
931 3563 973 3615 est
984 3573 1009 3612 u.
1022 3557 1166 3612 Tzscliucl.

69 3637 101 3691 ud
117 3640 204 3696 Strato.
222 3641 292 3696 Xlll.
310 3642 369 3700 538.
387 3639 573 3713 Δεκάμνιχος,
598 3646 674 3712 cujus
699 3642 770 3696 nulla
791 3640 896 3698 brevior
920 3641 1002 3696 torma
1027 3645 1097 3697 extat
1117 3641 1168 3694 uisi

70 3719 96 3774 in
113 3724 242 3779 similibus
261 3726 369 3793 Λίμνος,
384 3723 559 3796 Ἐκοὶτομνος.

135 3825 166 3891 t)
194 3827 268 3890 Quae
291 3823 419 3890 Bergkins
443 3827 549 3895 scripsit
570 3827 597 3880 iu
615 3825 713 3882 comm.
739 3824 774 3880 de
796 3822 869 3878 Gom.
887 3823 989 3892 lleliqq.
1011 3839 1038 3893 p.
1060 3823 1100 3880 12.
1118 3824 1171 3876 ueri
1290 3821 1301 3848 ⁸

75 3903 226 3961 semim
245 3915 282 3960 eet
299 3922 387 3959 comeo
403 3911 550 3978 Μητίοχος,
568 3917 686 3978 quaeest
704 3909 831 3977 μτίιοοοίο
848 3908 944 3974 somno,
963 3909 989 3958 to
1005 3907 1105 3973 cotyaei
1115 3921 1171 3958 eer-

75 4000 143 4040 moee
162 3992 201 4044 tto
216 3991 297 4057 foisse
314 3991 505 4058 pronuntiatem
520 3999 548 4045 ot
564 3993 640 4046 litero
657 3995 673 4045 ὂ
691 3992 824 4045 elideretur
842 3993 916 4060 quasi
931 4005 1020 4042 comeo
1036 3997 1100 4042 esset
1112 3993 1168 4053 Μη-

80 4072 156 4139 τίκοι,
174 4075 284 4143 probari,
297 4079 388 4144 posset
407 4076 430 4130 si
445 4075 524 4145 hujus
535 4073 677 4136 'exuereris
695 4075 842 4144 exemplum
859 4074 995 4131 attulisset.
