2788 4986
253 269 306 334 ΒΕ
327 269 419 334 hlUl'.
442 268 600 334 TElllllN.
622 269 773 336 CAUSlS.
807 269 839 335 C.
854 271 889 335 ll.
911 277 940 346 §-
955 271 984 337 6.
1131 272 1172 340 81

63 436 186 517 φρῦνος
205 430 330 518 wahan,
360 437 449 514 cujus
478 436 612 500 nominis
639 451 704 500 non
728 437 884 517 scripturn
910 436 1011 502 solum
1032 435 1174 518 moigne

64 544 111 600 cst
129 554 160 602 v.
181 535 309 600 Jacobs.
332 533 372 598 ad
392 533 459 598 hcl
473 532 543 598 500.
566 534 623 599 sed
645 551 714 598 cum
727 536 941 600 terminatione
955 551 1173 616 nonnunquam

62 637 151 698 ctiam
168 635 356 716 significatio
372 639 507 697 mutatur
521 652 549 698 v.
565 634 742 700 Schneider.
757 634 796 699 ad
810 635 876 700 Nic.
890 635 978 698 Alex.
990 652 1020 699 v.
1034 634 1104 699 570.
1120 635 1172 716 qui

61 733 133 797 idud
153 734 303 816 rubetae,
329 733 391 796 hoc
410 749 506 796 ranae
526 749 640 796 nomen
661 751 735 798 csse
755 732 901 798 declarat.
942 733 988 798 Dc
1008 727 1173 798 ναολόπεν·

61 833 133 912 ὅρος
161 840 194 897 ct
223 826 436 912 σκολόπενδραι
463 832 614 896 incertum
636 840 685 896 cst
703 833 852 914 judicium
874 833 915 898 oh
935 831 1083 896 librorum
1104 833 1172 898 dis-

61 934 253 1014 crepantiam
273 950 302 996 v.
328 929 575 1009 Schweighauos.
596 930 636 996 ad
655 933 765 996 Athen
786 932 848 996 llll.
868 931 938 998 304.
959 931 991 996 Ε.
1012 932 1065 996 uhi
1085 949 1172 998 mas-

60 1031 162 1094 culina
182 1030 359 1094 terminatio
382 1037 496 1110 poetae
515 1030 652 1094 tortasse
670 1032 773 1111 aptior
793 1016 862 1094 uisa
883 1028 923 1093 ad
941 1030 1171 1110 significandam

60 1129 305 1218 scolopendram
323 1130 471 1192 marinam
491 1134 600 1208 utpote
621 1133 778 1210 majorem.
821 1131 874 1194 Sic
895 1135 980 1192 ocrtc
1002 1128 1039 1192 dc
1060 1129 1171 1194 homc-

59 1231 123 1292 rico
146 1229 289 1310 epitheto
319 1223 420 1300 δεινός
440 1220 519 1309 ἀήτη
539 1225 571 1290 ss.
592 1226 654 1292 XV.
676 1227 746 1294 026.
772 1228 922 1309 judicavit
951 1227 1130 1292 Scholiasta
1149 1251 1171 1312 η

59 1321 207 1410 ἀρσενικὴ
234 1321 383 1408 αροφορά
405 1318 671 1408 ἐμφαντικώτερον
697 1320 755 1390 τὸν
777 1324 873 1409 λόγον
899 1319 1095 1408 ἀπεργάζεται
1116 1325 1170 1392 καὶ

59 1422 113 1490 τὸν
137 1423 258 1508 ἀνεμαν
284 1422 495 1507 σφοδρότερον
513 1423 663 1504 demovet,
690 1425 832 1508 idemque
853 1426 1018 1492 discrimen
1039 1435 1170 1508 apparet

59 1528 90 1588 in
110 1525 226 1590 aliis.²²
261 1525 353 1605 Apud
376 1525 570 1588 Theocritum
592 1525 627 1588 V.
648 1525 698 1590 24.
721 1532 751 1590 ct
774 1525 841 1590 144.
864 1519 883 1588 ὁ
904 1519 1003 1606 ἀμνός
1024 1534 1055 1591 ct
1074 1523 1095 1610 ἡ
1115 1521 1172 1610 ἀμ-

58 1621 112 1699 νός
139 1633 205 1688 tarn
233 1622 401 1686 indiscreta
431 1631 503 1688 sunt
530 1641 620 1704 quum
642 1617 661 1687 ὁ
682 1632 713 1688 ct
733 1619 755 1708 ἡ
774 1621 891 1708 ἔριφος,
900 1623 929 1664 ²³
950 1618 968 1688 ὁ
990 1633 1021 1690 et
1041 1619 1062 1710 ἡ
1082 1623 1170 1708 χέρα.

58 1747 128 1798 νος,
167 1716 186 1785 ὁ
208 1729 239 1785 ct
260 1716 282 1804 ἡ
302 1716 436 1802 κόρυδος
458 1729 516 1786 etc.
543 1722 685 1804 idemque
706 1725 809 1788 valent
836 1724 919 1805 qnod
940 1717 1029 1806 ἀμνίς
1049 1744 1077 1790 v.
1101 1726 1168 1792 130.

59 1827 97 1886 ht
125 1840 167 1886 err
188 1820 303 1886 Suidnc
325 1821 428 1884 verhis
447 1815 559 1901 Ἀμνός
578 1815 742 1901 ἀρσενικὸν
761 1819 919 1904 πρόβατον
938 1819 976 1888 τὸ
994 1819 1090 1905 μέσον
1111 1821 1170 1908 τὴν

59 1917 182 2005 ἡλικίαν
200 1917 256 1984 xat
274 1913 356 2002 ἀμνή
377 1916 413 1984 τὸ
434 1921 531 2002 θῆλυ,
553 1929 584 1984 ct
604 1922 691 1986 Eusl.
714 1940 742 2003 p.
759 1922 911 2005 162412.
931 1924 989 1988 τοῦ
1003 1917 1107 2005 ἀμνοῦ
1117 1922 1171 1988 καὶ

59 2014 201 2104 θηλυκὸν
222 2012 243 2101 ἡ
263 2011 348 2101 ’ἀμνή
376 2015 451 2098 ὅπερ
480 2015 640 2084 ἐνιαύσιον
660 2017 740 2101 ἀρνα
759 2021 861 2104 δηλοῖ,
892 2029 1022 2102 apparet
1042 2023 1170 2086 Aristo-

59 2123 190 2203 phanem
223 2119 308 2198 (nam
334 2118 405 2181 hinc
431 2119 485 2182 illa
507 2119 620 2184 hausta
640 2122 726 2201 sunt)
755 2138 864 2201 mnam
892 2114 995 2202 ἀμνήν
1021 2120 1082 2186 dici
1108 2139 1169 2186 uo·

59 2222 171 2302 luisse,
193 2233 305 2299 agnum
326 2211 383 2280 τὸν
402 2210 512 2299 ἀμνόν.

149 2381 179 2452 §-
202 2373 231 2440 6.
273 2374 321 2437 Ex
350 2375 447 2454 prima
477 2349 682 2437 declinatione
716 2374 776 2437 huc
803 2374 973 2455 repetenda
1001 2382 1073 2439 sunt
1100 2376 1169 2457 pri-

58 2493 138 2540 mum
161 2492 241 2558 quac
261 2489 340 2536 voce
361 2487 425 2536 non
447 2473 537 2535 etiam
559 2472 783 2551 significatione
805 2474 962 2539 differunt:
984 2466 1075 2555 ἀμίας
1094 2467 1169 2556 ἀμία

60 2573 174 2658 (ἀμια),
196 2567 337 2655 ἀχαιάνης
356 2565 495 2654 ἀχαιίνη,
516 2567 892 2656 ΔελφύνηςΑελφύνη,24
912 2569 1082 2656 παλαιστής
1100 2576 1167 2639 sive

60 2670 214 2757 παλαιστής
234 2667 405 2754 amatory,
437 2665 573 2754 ἀράχνης
595 2663 729 2754 ἀράχνη,
761 2672 843 2754 quod
873 2672 1067 2737 Grammatici
1098 2689 1166 2737 cum

60 2775 240 2856 synonymis
259 2767 358 2855 νάκης
372 2767 463 2854 νάκη,
485 2763 581 2852 ἀήτης
601 2763 690 2853 ἀήτη,
713 2767 791 2854 ηάης
814 2766 877 2854 ηάη
899 2787 1086 2851 componere
1108 2789 1166 2836 so-

60 2877 120 2940 lent
140 2895 168 2940 v.
189 2873 256 2938 Eli.
278 2889 307 2953 p.
330 2870 400 2952 101,
421 2871 471 2936 30.
493 2888 522 2951 p.
537 2870 609 2953 541,
633 2872 681 2937 13.
703 2889 731 2952 ρ.
753 2869 824 2952 597,
848 2869 895 2934 14.
918 2870 1017 2934 Crem.
1031 2870 1053 2934 l.
1066 2869 1169 2935 297.ss

123 3124 169 3191 22)
189 3123 237 3174 Ἐκ
255 3121 304 3172 τοῦ
320 3118 412 3189 τάφον
430 3118 548 3189 φάονται
566 3119 697 3190 μυρῤίναι
715 3118 842 3186 καθάπερ
861 3120 890 3170 αἱ
901 3116 1103 3188 στεφανώτιάες
1114 3118 1169 3170 τῶν

63 3209 146 3260 ἀλλων
163 3207 252 3259 ὄντων
266 3203 399 3274 μεγάλων
413 3203 555 3273 μνῤῥίνων
579 3202 708 3270 Theophr.
728 3202 759 3256 H.
778 3203 816 3256 Pl.
837 3202 867 3256 V.
886 3203 904 3259 8
922 3201 964 3270 (9)
981 3201 1006 3256 3.
1033 3203 1079 3270 qui
1101 3216 1166 3258 sae-

64 3296 117 3362 pius
135 3289 150 3345 ὅ
169 3296 197 3346 ct
214 3287 228 3353 ἡ
245 3287 380 3356 μάῤῥινος
398 3291 424 3341 ct
440 3283 556 3356 μυῤῥίνη
574 3285 793 3354 scripsit-sublato
811 3285 970 3340 discrimine.
998 3285 1028 3339 ln
1042 3285 1166 3353 Hesychil

65 3375 118 3428 loco
128 3373 237 3443 χελῶναι
252 3371 301 3434 τὴν
315 3371 468 3421 θαλασσίαν
481 3365 604 3437 χελώνην
619 3367 744 3436 λέγουσιν
763 3367 798 3426 ὡς
810 3369 859 3433 τὴν
873 3367 998 3438 ἀράχνην
1012 3367 1166 3438 ἀραχθίων,

64 3473 106 3525 pro
121 3455 231 3526 χελῶναι
248 3453 415 3508 scribendum
433 3457 473 3507 est
490 3448 614 3519 χελωνόν
630 3451 673 3504 vel
689 3451 809 3518 χελωνός
826 3459 854 3506 ιιι
870 3454 896 3505 in
915 3451 975 3505 cod.
995 3452 1098 3518 legitur,
1115 3467 1167 3520 qino

65 3543 162 3595 nomine
185 3537 326 3605 chelydrus
347 3539 403 3592 siue
422 3534 527 3591 testudo
548 3537 645 3587 ruarioa
659 3534 820 3600 significatur
839 3539 955 3592 terrestri
972 3536 1052 3588 multo
1070 3539 1167 3603 major3

64 3638 105 3690 nro
122 3624 215 3676 ultimo
235 3621 369 3689 ἀραχνον.
407 3619 464 3676 Noc
482 3619 613 3672 lortuiturn
631 3633 693 3674 csse
716 3618 826 3674 arbitror
844 3619 915 3688 quod
932 3619 1079 3686 Aeschylus
1098 3621 1167 3673 insi-

65 3707 186 3761 diatorem
206 3705 333 3774 ἀραχνον
350 3705 468 3782 uocauit,
493 3703 680 3758 insidiatricem
700 3701 833 3773 ἀράχνην.

125 3813 171 3880 23)
194 3813 309 3882 'dotum
329 3808 399 3878 quod
416 3809 594 3866 Schneiderus
614 3825 647 3866 ex
663 3809 720 3864 llll.
739 3807 828 3875 aden,
854 3823 949 3864 nomon
967 3811 1099 3878 proprium
1117 3815 1166 3865 est.

125 3921 170 3988 24)
196 3916 323 3987 Δελᾳάνη
350 3914 461 3984 δράκων
478 3916 583 3986 Dionys.
610 3933 633 3970 v.
652 3919 710 3973 441.
730 3913 818 3968 Schol.
838 3914 938 3972 confert
957 3931 1016 3970 cnm
1033 3916 1168 3972 homerico

66 4003 127 4054 λέων
144 4005 297 4072 dirivatus,
316 4001 523 4055 terminationem
541 4002 690 4056 femininam
710 4014 769 4054 cum
787 3998 903 4068 epitheto
922 3998 1035 4055 laminae
1052 4001 1167 4069 proprio.

124 4111 169 4178 25)
193 4110 269 4174 Quae
288 4081 362 4162 a'ddit
378 4104 391 4158 ὁ
409 4107 513 4177 λέσχης,
532 4105 546 4161 ὁ
564 4107 664 4172 πλάτης
684 4107 713 4174 (a
730 4105 815 4170 πλάιη
834 4105 990 4173 derivatum)
1013 4108 1071 4162 sine
1088 4105 1167 4160 dubio
