2770 4992
243 265 412 333 DElllUT.
436 263 766 336 cucumeribus.
800 265 832 332 C.
848 267 896 333 itt
925 274 955 344 s.
970 269 999 335 t.
1124 271 1171 348 07

45 436 93 498 lut
121 435 155 498 in
184 432 347 500 homerica
370 448 470 499 ‘noran
491 425 722 513 Καρδαμύλην,
747 424 884 516 Ἐνόπην
902 453 935 504 ra
955 430 1009 498 ool
1024 426 1110 518 Ἱρόν
1135 436 1169 511 li,

44 534 96 598 lit
122 531 196 598 150.
219 525 462 613 ιιοιιιιιιΚύἺρην
482 531 685 612 scripserunt,
707 531 791 612 quod
812 532 942 597 concedi
964 539 1087 616 puteum
1107 535 1170 603 utin

44 649 108 696 nus
137 647 219 696 vero
243 645 360 695 causae
380 629 495 694 babent
516 633 569 712 qui
587 625 719 714 Ἐνύπη,
754 639 788 696 ut
807 631 1010 714 Eustatbius,
1045 635 1169 713 marari

46 737 184 796 censent
212 724 291 809 πρὸς
319 722 485 812 διαστολὴν
510 730 566 812 τῆς
585 725 706 813 ἐνοπῆς.
748 731 826 796 Nam
848 730 1027 803 credibilius
1046 730 1168 798 uidetur

44 830 160 894 urbem
182 829 373 896 Messeniam
395 829 442 895 sic
463 835 497 892 ut
515 821 662 912 Έποόνην
682 829 871 897 Corinthium
892 846 913 892 a
933 829 1041 910 speeie
1061 831 1172 911 potino

46 945 144 1012 quarn
166 945 188 990 a
208 944 289 991 voce
310 943 423 993 numen
443 926 576 1008 labeum
611 943 712 1010 neque
733 943 797 990 non
818 926 877 991 dict
899 935 1005 1008 puteat
1025 927 1056 994 id
1075 922 1171 1006 time,

44 1027 156 1096 ninum
180 1043 256 1090 esse
277 1026 316 1088 ub
330 1020 466 1099 Ἕνοπος
487 1033 520 1092 ut
543 1027 686 1108 Τρίονος,
711 1022 844 1110 dictabo.
873 1027 977 1091 Tertio
992 1043 1067 1096 tcto
1082 1026 1172 1108 qued

45 1125 130 1194 idern
160 1141 192 1208 p.
216 1124 307 1207 1414,
327 1124 378 1192 32.
407 1132 551 1206 tunquam
579 1128 795 1208 homonymum
823 1126 953 1207 apponit
980 1122 1166 1210 κοιρόαμόλη

47 1224 220 1305 placentae
248 1224 433 1290 vocabulum
461 1224 584 1306 (Athen.
608 1225 675 1292 tta
696 1224 744 1306 ll.)
769 1223 802 1288 id
824 1229 908 1288 certo
930 1241 969 1291 ux
988 1242 1028 1288 eo
1050 1231 1166 1306 genere

48 1322 212 1404 estquod
239 1315 408 1405 ὁμόνομον
434 1317 496 1388 ἀπὸ
521 1320 617 1408 τύχης
642 1339 808 1406 vocamus,
834 1322 1010 1404 nullamque
1038 1341 1168 1390 causum

47 1421 220 1502 praeberet
241 1422 378 1488 mutandi
397 1425 430 1492 in
449 1424 764 1506 propriuauucntus,
785 1439 825 1488 ne
846 1423 874 1486 si
896 1427 1056 1501 uxytonqn
1078 1429 1167 1502 esset

49 1521 193 1603 quidem,
222 1523 295 1602 quia
324 1521 377 1586 diu
402 1528 477 1603 pust
497 1523 622 1588 Homeri
649 1528 790 1602 tempora
810 1521 964 1586 inuectum
986 1527 1044 1586 est.
1085 1522 1166 1590 Nnnu

50 1622 205 1689 Sesamus
228 1621 303 1684 urbs
326 1638 344 1684 a
365 1636 489 1688 murno
513 1629 544 1685 et
555 1622 720 1701 Lyciorum
742 1618 803 1685 dun
815 1619 959 1699 Prytanis
975 1637 1047 1684 num
1063 1622 1169 1703 apri.-

49 1727 135 1784 matu
157 1727 294 1783 uocatus
315 1721 366 1803 sit,
386 1737 450 1784 nun
471 1737 618 1801 quaeram
639 1719 863 1799 scrupulosius.
905 1718 1061 1796 Habemus
1084 1721 1166 1786 eninr

49 1827 171 1884 certum
193 1820 341 1883 torinitue
369 1820 580 1901 spnemptosis
610 1819 797 1900 exemplum,
826 1817 1025 1896 Aleotrponis
1051 1833 1168 1896 nomem

50 1918 163 1984 eodem
184 1924 318 1982 accentu
333 1925 472 1985 notatum
492 1936 554 2001 qno
577 1918 796 2000 appellativum
818 1916 916 1999 solet,
938 1923 969 1980 ut
988 1921 1074 1980 recte
1093 1917 1167 1996 quia

7 2075 8 2078 ,
51 2015 138 2099 dem,
173 2033 246 2081 nam
268 2017 334 2080 uris
357 2019 498 2099 persicae
519 2018 604 2082 nulle
626 2024 689 2082 tum
710 2017 766 2080 iuit
786 2015 914 2094 notitia;
948 2031 1043 2094 quare
1065 2031 1164 2094 paru·-

49 2133 167 2196 nymon
190 2133 264 2180 esse
285 2125 430 2198 negatur:
461 2111 650 2198 Ἀλεκτρυών
671 2109 730 2180 ούκ
751 2114 868 2197 εἴρηται
887 2107 973 2193 παρὰ
991 2105 1049 2176 τόν
1069 2105 1162 2178 diau-

51 2209 171 2302 κρυόνα
189 2209 227 2278 τὸ
249 2215 344 2292 ζῶον·
364 2210 487 2282 οὐδέπω
509 2211 569 2298 γὰρ
590 2212 668 2298 ἔγνω
691 2214 795 2280 Sobel.
814 2214 846 2279 ll
864 2213 954 2281 XVII.
967 2211 1037 2278 602.
1064 2212 1163 2292 Editu-

53 2316 135 2380 mudi
162 2315 262 2382 multu
288 2315 371 2397 apud
400 2316 484 2380 illum
504 2315 647 2396 leguntur
667 2315 796 2380 heroum
817 2313 942 2378 nomina
959 2304 1165 2394 aenaeam,

53 2409 200 2495 Κάστωρ,
222 2411 405 2499 Κεβριόνης,
426 2410 554 2498 Μέροψ,
580 2409 773 2497 Τενύρηᾶνόν,
794 2407 920 2494 Χρόμις,
936 2399 1039 2489 Ὦπος,
1062 2418 1094 2476 et
1113 2411 1166 2476 lu·-

54 2516 204 2579 minarum
222 2507 351 2597 Ἇηᾶύν,
374 2515 487 2598 Κίρκη,
509 2514 622 2596 quibus
645 2514 672 2576 si
693 2514 763 2594 quis
785 2513 961 2593 zoolugiam
976 2511 1165 2578 numericam

54 2613 277 2697 locupletatum
300 2619 366 2697 eat,
395 2630 521 2678 causam
543 2611 677 2692 explicet
700 2616 825 2692 oportet
846 2627 901 2680 our
921 2626 1012 2676 nemo
1040 2611 1165 2691 Ταῦρος

56 2721 183 2777 uocetur
203 2712 254 2776 rel
275 2709 390 2787 Λύκος.
437 2711 585 2793 Equidem
609 2709 762 2774 contendo
785 2716 909 2791 poetam
928 2709 1069 2776 homiues
1092 2709 1163 2773 ani-

58 2813 208 2886 mantibus
232 2811 432 2894 cognomines
454 2826 551 2873 nosse
572 2807 685 2874 nullos.
732 2807 817 2872 lllam
837 2809 869 2872 in
890 2807 996 2871 libuca
1016 2801 1164 2889 Κόρακος

59 2905 168 2992 πέτραν
197 2929 216 2974 a
242 2910 361 2974 Corace
388 2908 521 2992 quodam
547 2907 715 2971 vocitatam
743 2924 816 2971 esse
838 2905 967 2971 traditur
988 2905 1046 2969 lide
1067 2906 1161 2995 nulla,

61 3028 146 3092 quum
168 3009 389 3093 appellativum
411 3025 483 3072 esse
504 3007 607 3088 possit
628 3013 662 3070 ut
674 3000 787 3070 Ἵππου
806 3001 902 3087 ύκρα,
915 3001 1031 3069 Ἵππου
1051 3000 1160 3088 κρήνη,

60 3104 149 3191 Αἰγὸς
169 3107 312 3190 ποταμοί,
334 3107 453 3170 Κννύν
473 3108 567 3187 νηοος
588 3111 647 3170 etc.
693 3103 803 3182 Φοίνιξ
822 3105 916 3168 beros
939 3104 1082 3170 aeolore
1098 3121 1161 3186 po-

61 3209 115 3272 tius
136 3225 229 3290 quam
251 3208 290 3270 ab
311 3223 367 3272 ave
389 3207 551 3288 tubulosa3
575 3197 734 3286 Ἀλκυόνη,
757 3212 791 3268 nt
807 3203 954 3282 Meleagri
969 3219 1057 3286 uxor,
1077 3201 1163 3266 nulla

62 3315 126 3371 tunc
147 3308 215 3370 avis
233 3305 392 3370 dicebatur
413 3304 469 3369 sed
483 3298 615 3384 ύλκυιόν,
638 3308 727 3384 cujus
741 3302 815 3367 illud
831 3318 1034 3386 paronymon,
1055 3301 1106 3365 uel
1127 3306 1162 3365 ut

56 3408 121 3490 lpse
144 3406 235 3488 dicit,
267 3421 443 3486 eponpmon
471 3404 527 3482 luit
551 3410 585 3471 ul
607 3399 759 3484 Κόρωνος
784 3420 803 3467 a
829 3396 954 3483 κορώνη
976 3400 1161 3470 declinatum

61 3507 103 3570 vel
129 3506 167 3570 ab
191 3505 345 3585 adjectivo
367 3497 516 3585 κορωνύς.
567 3503 601 3568 Si
626 3519 700 3566 vero
729 3500 838 3563 horum
860 3498 1057 3580 aliquidpiam
1078 3485 1161 3579 apud

61 3604 220 3669 llesiodum
239 3604 403 3686 legeretur,
424 3620 487 3667 non
505 3601 675 3666 dubitarem
697 3601 736 3664 ab
758 3599 945 3681 appellativo
960 3589 1159 3680 homophono

63 3703 282 3768 denominatum
303 3719 392 3783 usse3
427 3703 518 3782 hujus
547 3717 679 3781 namque
699 3701 731 3763 in
753 3699 938 3764 carminibus
960 3698 1064 3778 gliscit
1084 3695 1160 3760 illud

63 3819 165 3888 genus,
200 3801 284 3884 qnod
305 3801 386 3883 apud
406 3801 572 3865 llomcrum
593 3799 725 3879 reperiri
743 3799 869 3883 negavi,
891 3793 1033 3873 Κύκνος,
1056 3789 1158 3877 Κήύξ,

65 3909 88 3966 el
107 3903 252 3984 deinceps
274 3902 372 3981 magis
394 3901 554 3981 magisque
575 3897 704 3980 pullulat
724 3897 775 3962 vel
795 3914 834 3962 ex
848 3897 1012 3980 eponpmia
1029 3893 1160 3976 quadam

64 4001 105 4066 uel
122 4003 321 4086 impositione
344 3999 486 4079 fortuita3
514 4014 584 4062 nam
605 3997 682 4060 haec
702 3995 836 4064 discerni
849 3991 983 4078 ‘amplius
1000 4009 1064 4057 non
1080 4010 1160 4074 pos-

66 4108 132 4166 sunt.
172 4101 326 4182 Perquam
355 4095 502 4163 credibile
530 4095 650 4162 videtur
678 4112 745 4162 euru
774 4097 825 4178 qui
848 4095 964 4175 primus
985 4093 1089 4173 Lupus
1111 4089 1168 4180 uel·

905 4192 924 4254 5
932 4194 951 4231 il
