2772 4992
63 253 131 321 DE
144 251 241 319 Noli.
262 247 427 328 QUORUM
438 247 551 312 CHAR.
564 246 641 312 EST
654 245 862 312 DENTALIS.
885 247 918 311 C.
927 247 974 316 tv.
990 257 1019 327 §.
1034 254 1061 320 7.
1088 253 1159 324 383

11 417 85 483 ad
119 415 207 482 Suid.
234 431 260 482 s.
285 416 314 479 lr.
342 432 371 479 r.
397 413 430 476 in
450 411 539 478 oodd.
559 410 715 476 nonnullis
737 427 793 493 per
813 412 836 476 ὖ
856 413 1069 499 soriplnmnt
1085 412 1158 482 Ἀν-

13 511 171 599 δρύτης
186 516 218 578 in
235 515 332 578 inser.
345 512 480 578 Booelrlr.
495 512 528 578 T.
542 511 564 574 l.
585 511 650 574 ni.
671 525 728 590 pro
745 502 921 592 Ἀνδροίτας
938 514 1040 581 Solrol
1054 519 1156 600 Apoll.

10 617 79 680 11.
109 614 185 684 159.
213 613 369 694 Σακολτης
389 609 463 691 quid
483 611 525 673 sit
546 609 699 689 suspioari
726 608 797 672 lioot
826 627 864 674 on
882 611 1028 691 Hesperii
1048 615 1159 695 glossa

16 711 194 777 σάκοιτοι
216 711 246 774 ol
269 711 409 784 ίοτῶντες
429 703 485 771 τὸν
505 702 654 788 κέραμον,
684 706 745 770 hoo
766 713 822 781 est¹
836 710 972 790 σηκωταί
987 711 1157 780 -libralores

17 821 75 876 ut
102 829 235 875 sacoma
262 810 481 875 libramentum.
522 807 665 872 Ultimum
695 811 743 870 est
766 805 983 886 appellativum
1006 811 1054 874 vol
1073 813 1157 898 illud,

20 929 106 994 pro
134 927 196 991 quo
218 926 299 972 nune
317 907 398 989 apud
413 908 578 972 Homerum
596 906 706 986 legitur
726 897 858 987 autem,
879 906 928 970 vel
941 907 1158 990 homonymon.

19 1010 116 1074 EM.
135 1002 364 1090 αἰμορμεύεοκτν
377 999 598 1082 οννωδοπόρει·
619 998 679 1068 οὐν
699 996 727 1066 δ’
743 996 817 1086 ἡμῖν
833 997 851 1066 ὁ
865 1003 1014 1089 πελαργὸς
1031 1005 1165 1096 (ds'arupssr

22 1110 120 1192 γος)
144 1100 372 1189 ἀμορμεύεσκεν
392 1098 514 1186 ἀλοίτης
535 1102 665 1184 (Gallim.
686 1102 733 1168 Fr.
753 1102 838 1185 475.)
859 1096 1073 1188 ἀμορμαίοντο
1093 1110 1159 1175 dlo-

22 1202 188 1289 κόμιζον.
211 1205 388 1288 Νίκανδρος
404 1200 507 1267 νωθοί
524 1195 583 1284 γὰρ
604 1196 772 1284 κάμνοντες
791 1196 1005 1286 ἀμορμτύοντο
1017 1204 1158 1297 λεπαίργῳ

29 1343 87 1352 --
112 1308 159 1392 τῷ
180 1300 253 1392 ίίνῳ,
274 1301 338 1369 ἐπεὶ
357 1297 437 1367 κατὰ
456 1301 577 1367 κοιλίαν
596 1296 714 1375 λευκός,
737 1301 817 1366 unde
838 1304 971 1383 patescit
986 1305 1070 1372 illum
1081 1301 1160 1372 ὄνον

28 1399 104 1468 τὸν
128 1397 333 1486 praepetem
355 1402 548 1483 significasse
571 1406 674 1464 etant
696 1393 821 1482 ίλεστὴς
841 1403 1009 1482 seripsisse
1027 1411 1080 1468 aut
1098 1406 1160 1472 sibi

31 1504 171 1566 licitum
193 1511 375 1585 putassent
403 1502 442 1566 ab
471 1499 579 1564 eodem
606 1499 702 1564 verbo
725 1492 847 1581 ίλοίτης
866 1502 917 1564 vel
936 1495 1055 1585 ἀλείτης
1074 1505 1159 1570 deri·-

33 1608 158 1686 varet,
188 1601 270 1685 quod
292 1608 325 1665 nt
348 1603 462 1664 iaoeret
483 1599 678 1680 permittebat
697 1598 884 1662 homericum
905 1616 1017 1664 nomon
1039 1602 1077 1666 ab
1097 1603 1160 1668 lro-

34 1718 199 1780 monpmo
228 1696 305 1764 ἀλέα
327 1700 495 1764 derivatum
524 1703 555 1760 et
582 1696 709 1760 verbum
729 1689 839 1782 ἅλοιηῖν
859 1699 926 1763 sivo
947 1691 1053 1786 ἄλοᾷν.
1096 1701 1160 1767 Co-

38 1808 152 1864 terum
181 1801 277 1864 multa
302 1801 335 1864 in
363 1798 417 1862 illo
444 1795 588 1876 eatalogo
617 1797 837 1875 praetermissa
864 1805 950 1880 sunt,
979 1814 1037 1862 neo
1058 1799 1159 1866 solum

41 1900 230 1980 composita
243 1893 375 1980 ἀκοίτης,
397 1893 593 1978 summumst
613 1887 796 1976 ὀρειφοίτης,
819 1894 874 1960 sed
896 1897 987 1959 etiam
1008 1898 1160 1978 simplicia

45 1998 185 2071 Λιοίτας
212 1997 359 2077 Polyaon.
381 1997 416 2060 ll.
438 1995 487 2060 36.
517 1993 638 2074 (omiss
660 1992 691 2055 in
715 1992 782 2074 Th.)
810 1994 958 2070 Κλεοίτας
983 1997 1073 2063 Paos.
1096 1996 1159 2068 Ξο-

43 2096 160 2170 νοίτας
185 2095 293 2174 Polyb.
321 2096 354 2160 V.
382 2095 431 2161 45.
461 2093 616 2175 Πυλοίτης
641 2091 742 2156 Noun.
769 2091 871 2156 XXVI.
900 2093 969 2161 216.
997 2098 1160 2174 Μαλοίτας

43 2194 207 2262 Aroadiae
229 2194 339 2258 llnvius
365 2194 456 2258 Pans.
478 2192 554 2256 Vlll.
576 2189 627 2274 36,
651 2190 700 2256 1.8
726 2207 805 2272 quae
834 2193 1046 2260 anominibus
1068 2195 1160 2262 dueta

46 2312 127 2361 esso
156 2299 304 2375 apparet,
334 2309 434 2373 neque
460 2292 522 2355 alia
549 2291 605 2354 luit
629 2289 781 2353 Eustathii
805 2292 961 2354 sententia
987 2310 1016 2374 p.
1040 2294 1107 2378 113,
1128 2295 1158 2362 3.

47 2393 224 2465 Μενοίτιος
243 2385 437 2473 πλεονασμὸν
456 2385 515 2472 ἔχει
534 2389 625 2453 τοῦτ’
646 2385 680 2452 ἐκ
700 2389 757 2452 τοῦ
777 2383 870 2468 μένος
890 2383 932 2464 ὡς
950 2393 1104 2468 Φιλοίτιος
1124 2391 1158 2458 ἐκ

46 2493 110 2557 τοῦ
138 2489 231 2574 φίλος
250 2487 302 2554 καί
326 2489 480 2572 Θυμοίτης
499 2485 552 2552 καί
572 2487 729 2569 Λαμοίτης
750 2480 812 2551 ἀπὸ
831 2490 889 2553 τοῦ
909 2485 1013 2573 θυμός
1032 2489 1086 2556 καί
1105 2491 1159 2576 δῇ.

49 2612 124 2674 μος,
155 2606 270 2670 resque
297 2597 359 2655 tam
387 2590 550 2655 maniiesta
578 2592 687 2650 estut
715 2601 754 2650 ne
776 2603 794 2649 a
816 2588 1015 2670 Theognosto
1037 2591 1158 2671 quidem

49 2689 164 2771 negari
189 2689 334 2771 potuerit.
376 2690 459 2770 Ergo
488 2685 570 2769 quod
596 2686 628 2749 in
656 2686 807 2767 prineipio
836 2689 965 2752 canonis
986 2689 1097 2770 legitur
1115 2693 1159 2774 μη

51 2787 133 2854 ὄντα
153 2781 341 2869 παρώνυμα,
362 2794 416 2852 aut
437 2805 476 2852 ex
497 2785 557 2849 alio
579 2785 649 2850 loeo
672 2785 731 2850 lruo
753 2786 932 2849 translatum
953 2794 1006 2850 aut
1023 2791 1160 2868 graviter

54 2889 258 2971 depravatum
276 2893 324 2950 ost
344 2904 401 2969 pro
423 2881 465 2970 μὴ
487 2882 564 2950 ίίντα
584 2878 646 2948 ἀπὸ
665 2880 877 2964 πρωτοττίπων
898 2885 940 2959 τίς
959 2871 1045 2960 ocul
1056 2890 1159 2969 μῶλος

54 2981 199 3071 μωλύτης
220 2992 278 3050 eto.
298 3003 326 3049 r.
348 2993 378 3060 ς.
399 2985 429 3050 8.
458 2985 547 3050 llaud
568 2987 628 3050 alia
648 2985 728 3048 ratio
750 2991 799 3048 ost
819 3001 935 3067 eorum,
957 3003 1036 3068 quae
1059 3005 1077 3050 a
1098 3005 1161 3052 no-

53 3086 189 3151 minibus
210 3084 329 3148 urbium
349 3086 382 3148 in
402 3071 438 3159 οἷς
458 3092 489 3150 et
509 3072 538 3148 ὦ
557 3083 768 3149 desinentibus
790 3083 942 3150 declinata
962 3091 1050 3165 sunt;
1085 3088 1161 3154 Ste-

50 3247 333 3262 ....-..-----

122 3335 153 3404 7)
171 3334 242 3390 later
258 3341 350 3402 gentes
375 3334 507 3390 fabulosas
529 3337 557 3388 in
582 3333 735 3403 Apollodori
756 3333 838 3390 Catal.
857 3349 882 3402 p.
900 3335 958 3390 419.
985 3343 1158 3391 metrrorantur

56 3418 255 3490 μονοτακῆτοι,
287 3419 357 3487 quod
383 3418 499 3486 lleynius
522 3419 549 3472 in
573 3417 674 3485 Fragm.
702 3433 728 3487 p.
754 3419 813 3475 419.
837 3421 894 3474 sino
920 3422 982 3472 nota
1008 3422 1156 3488 transmisit,

58 3503 276 3562 Schneidewinus
293 3507 319 3556 in
339 3501 456 3569 Coojeot.
477 3517 503 3571 p.
521 3503 564 3558 23.
582 3501 718 3556 barbarum
735 3515 796 3558 esse
810 3502 913 3568 jodioat
927 3500 1074 3570 μονοτόκοι
1088 3505 1158 3556 sen·-

59 3588 171 3644 bondnm
189 3590 268 3651 ratus,
287 3586 448 3654 eosdemque
468 3585 609 3654 aSoplaee
627 3585 812 3644 λνοακτοντας
834 3586 970 3640 nominari.
1004 3585 1072 3638 lllud
1095 3586 1159 3640 linr-

61 3672 148 3727 bnrnm
176 3683 228 3723 non
252 3683 313 3725 esse
342 3670 457 3724 ostendit
481 3669 672 3725 haereticorum
695 3684 790 3726 nornen
817 3667 1070 3736 ἀφοαρτολοκηταλ
1104 3669 1159 3726 Sod
1209 3739 1213 3748 ι

62 3754 186 3810 mendose
200 3754 324 3822 seriptum
342 3757 383 3809 est
399 3768 445 3821 pro
465 3751 640 3804 ἐνωτοκοῑτοι
666 3751 720 3820 (τε)
744 3752 814 3820 quod
839 3751 943 3819 Scylaoi
969 3752 1159 3807 restituendum

63 3853 122 3896 esso
136 3839 191 3904 jam
209 3836 305 3890 dudum
323 3836 387 3890 uidit
407 3836 575 3904 lliosliugius.
610 3833 638 3890 ld
663 3849 767 3902 qnoque
790 3835 855 3903 lugit
878 3825 1046 3888 novissimum
1069 3835 1159 3891 edito-

61 3937 115 3978 ronr
130 3919 306 3974 lilnnsonium.

126 4003 155 4071 Β)
174 4006 303 4070 tapetam
320 4001 390 4072 quod
408 4002 531 4059 lietslrins
549 4002 582 4056 nd
601 4000 689 4070 Polyb.
705 4000 803 4056 xxvtt.
818 4002 843 4069 9,
855 4001 1060 4069 'tperusitntum
1072 4002 1159 4060 Grae-

66 4090 102 4142 cis
121 4101 213 4144 nomon
234 4101 295 4144 esso
314 4087 385 4154 dicit,
404 4086 467 4140 milri
485 4087 602 4153 ignotum
621 4091 671 4142 ost.
