2750 4994
170 289 223 356 DE
245 283 463 354 NOMINIBUS
485 285 527 352 m
547 289 571 352 ά
590 287 850 358 EXEUNTIBUS.
879 289 912 357 G.
929 292 950 360 l.
972 299 1001 370 ς.
1016 293 1045 359 2.
1107 293 1171 362 179

57 477 164 538 νυμον
182 456 243 519 τοῦ
262 450 373 528 λέκους
392 446 462 535 οάχλ
477 446 539 518 άπὸ
558 454 617 519 τοῦ
636 449 783 530 λάλακος·
803 450 937 534 λάλακος
952 452 987 522 tt
1002 452 1104 523 ιτλατύ
1117 455 1171 523 καλ

56 550 228 618 ἐκπέταλον
249 547 381 636 άγγεῖον·
401 545 463 616 ἀλλ’
488 551 520 615 ολ
538 550 673 632 παλαιοὶ,
703 550 722 618 ὃ
742 549 829 638 ἡμεῖς
855 553 1006 641 λεκάνην,
1036 557 1169 622 ποδανι-

56 655 162 738 κτῆρα
182 649 317 736 λέγουσι,
338 646 482 716 λεκάνιον
502 649 536 714 δέ
556 649 609 716 καὶ
621 652 766 716 λεκανίδα
778 648 903 737 άγγεῑον
917 652 995 740 πρὸς
1007 651 1168 742 ὑποδοχὴν

55 750 150 830 ὄψων
169 754 260 817 Phot.
282 769 361 833 quae
383 751 429 814 sie
450 751 615 815 seribenda
636 759 723 816 sunt:
747 747 947 836 οὐχλέαλτοῦ
961 752 1071 832 tiones
1088 751 1166 840 (ἀλλ’

54 850 107 917 ἐπὶ
132 853 190 936 τῆς
216 847 425 934 maeotidem·
445 845 533 922 λέκος
556 844 589 914 δέ
610 843 710 913 πλατὺ
737 856 795 916 eto.
822 856 1003 922 Ammonius
1031 855 1167 940 κέλυφος

52 949 174 1035 λέγεται
193 948 243 1015 ἐπὶ
263 952 327 1014 τῶν
347 943 611 1030 ὀστρακοδέρμοκι,
632 945 811 1031 κιλύφανου
830 947 864 1014 δὲ
876 949 926 1016 ἐπὶ
938 957 1003 1018 τῶν
1018 948 1164 1037 ὀσπρέων.

51 1050 206 1133 Ejusdem
227 1051 310 1115 modi
336 1054 409 1114 sunt
435 1042 536 1128 ῥάνας
563 1042 715 1131 ῥάφανος,
726 1048 754 1092 ¹⁵
781 1044 869 1125 ἕλκος
894 1048 1040 1136 ἔλκανον,
1067 1057 1165 1139 μῆχος

51 1146 178 1234 μηχανή
201 1155 232 1213 et
254 1151 391 1214 sortasse
411 1143 581 1230 μάγγανον,
602 1143 692 1228 ἕρκος
712 1142 826 1231 ἕρκάνη
848 1156 879 1214 et
900 1167 969 1218 oum
991 1161 1080 1237 trope
1103 1171 1164 1219 vo·

53 1251 134 1313 ealis
157 1242 277 1330 ὁρκάνη
299 1250 366 1312 sive
393 1241 512 1329 ὀρκάνη
539 1251 573 1310 ut
599 1240 713 1329 λργάνη
742 1255 773 1312 ot
802 1243 946 1331 ὄργανον.
994 1253 1023 1316 A
1049 1249 1163 1330 πλάτος

51 1343 212 1421 πλάτανος
231 1347 297 1411 ΕΜ.
319 1352 351 1410 el
370 1341 572 1428 πλατανώδης
591 1341 645 1408 καὶ
665 1343 838 1430 σανιδώδης
859 1350 963 1415 Galen.
984 1351 1062 1418 nist.
1084 1353 1160 1419 Phil.

52 1447 132 1512 lle.
160 1445 232 1512 297.
261 1446 293 1510 Τ.
318 1446 395 1511 ΧΙΧ.
426 1461 483 1526 pro
513 1461 574 1525 qno
603 1442 924 1531 selenomantiae
953 1451 1102 1530 praebent
1129 1455 1162 1518 in

52 1545 133 1611 Plut.
154 1546 277 1609 Plaoitt.
297 1545 347 1609 llI.
368 1545 417 1611 15.
435 1551 467 1608 et
488 1560 536 1624 ap.
557 1543 690 1623 Hesveb.
711 1545 820 1623 οαλλαξ
839 1549 941 1630 μῶλος
961 1547 1161 1638 πλατανάδης

53 1645 229 1708 Salmasius
250 1639 501 1725 αλαταμωνιάὸης
522 1643 665 1724 corrigie
687 1638 934 1729 θύανοναέμμα
953 1669 983 1710 τι
1002 1642 1071 1713 άντλ
1085 1647 1160 1734 βοός

51 1743 169 1808 ilesa
199 1737 281 1816 θύος
307 1749 341 1805 ut
368 1742 498 1825 videtur,
526 1740 646 1826 ῥυκάνη
673 1761 692 1808 a
720 1739 848 1826 ῥύγχος,
876 1763 945 1810 nam
973 1747 1159 1814 ferramenta

51 1845 202 1906 runcinae
223 1841 438 1924 (liobeleisen)
460 1857 538 1922 quas
559 1843 732 1923 Hesychius
749 1841 839 1925 ξίφας
854 1844 999 1929 appellat,
1021 1849 1158 1929 speeiem

50 1942 148 2005 rostri
169 1940 330 2021 praebent.
340 1940 368 1980 1⁶
407 1943 435 2004 A
456 1936 576 2021 σαυράς
595 1936 777 2020 σαύρὸανον
791 1942 975 2024 interposito
994 1943 1076 2009 delta
1090 1947 1157 2010 sive

51 2041 157 2119 potius
180 2043 342 2120 utrumque
364 2055 383 2102 a
403 2043 519 2121 σπεῖρα.
562 2041 627 2105 Νοο
649 2040 686 2105 de
708 2040 860 2122 αἴθρανος
876 2042 966 2106 laoile
982 2045 1155 2110 constituas

50 2140 190 2202 verbone
211 2137 295 2200 atae
317 2154 356 2200 an
376 2140 492 2202 nomini
513 2135 634 2219 άνθραξ
655 2140 784 2220 propius
808 2140 856 2204 sit.
897 2140 963 2204 lam
992 2141 1069 2206 haee
1097 2160 1155 2208 ex-

52 2238 153 2318 empla
187 2237 381 2300 manifestum
410 2239 525 2302 laniunt
553 2239 633 2302 hano
667 2239 912 2303 terminationem
939 2238 1031 2304 modo
1060 2259 1156 2323 para-

52 2335 314 2399 schematlstioam
336 2342 462 2398 esseut
484 2332 556 2412 άψις
569 2332 700 2416 ὄψανον,
722 2333 832 2419 κόριον
843 2337 1020 2418 κορίαννον,
1041 2336 1155 2422 τράγος

52 2435 81 2497 oi
108 2429 142 2497 δὲ
167 2429 320 2515 τράγανος
345 2432 450 2497 Dioso.
478 2435 550 2499 blat.
578 2435 599 2497 l.
628 2435 678 2500 51.
703 2436 795 2501 molo
832 2437 1004 2517 signiioare
1039 2439 1154 2521 aliquid

51 2533 205 2612 primitivo
229 2530 391 2613 diversum,
413 2533 550 2596 verbalia
571 2527 750 2617 plerumque
770 2536 801 2601 id
823 2536 906 2618 quod
934 2538 1056 2601 aetione
1084 2539 1153 2603 elii-

51 2641 129 2696 ertur
150 2631 345 2712 actionisque
365 2633 576 2716 instrumenta,
598 2634 741 2697 universe
762 2651 814 2699 res
836 2636 1027 2718 eorporeles.
1039 2635 1066 2677 ¹⁷
1106 2637 1153 2702 De

50 2787 342 2803 m

120 2867 163 2936 15)
188 2867 340 2923 Breviorem
364 2867 470 2922 lormam
495 2866 572 2936 ῥάφιγ
596 2867 742 2934 Hesychius
762 2867 867 2923 tradidit
885 2883 907 2923 s.
921 2865 1060 2938 Ῥαφανίς.
1104 2869 1151 2925 llis

52 2959 160 3019 cognata
177 2951 298 3006 videntur
314 2948 395 3020 ρ’άπις
412 2957 439 3006 et
458 2948 568 3021 ῥάβδος.
694 2943 701 2958 ’
1114 2957 1119 2972 ·

115 3037 159 3105 16)
181 3035 261 3089 Aliud
283 3037 479 3090 instrumentum
502 3035 600 3088 indicat
617 3034 729 3102 llesyob.
756 3032 859 3103 ῥοαιὶνη
877 3033 1043 3106 biberentur
1059 3051 1149 3106 χειρο-

49 3117 148 3189 μήρισν
164 3117 341 3187 ἀμυντήριον,
359 3132 427 3186 quae
447 3118 545 3174 Coraes
563 3118 595 3172 ad
613 3119 678 3172 Plut.
700 3119 727 3172 T.
745 3118 787 3174 Vl.
808 3119 866 3175 457.
887 3120 924 3172 ita
942 3117 1148 3187 interpolatite·

49 3200 140 3271 τήριον
155 3199 334 3272 χειρομάλιον
351 3199 510 3272 άμητνὶριον,
528 3216 580 3256 non
597 3202 771 3256 demonstrato
789 3206 893 3257 veteres
910 3201 944 3256 ad
956 3200 1105 3257 metendum
1123 3206 1149 3256 et

49 3285 195 3340 molendum
215 3286 322 3339 runcina
340 3299 402 3339 usos
421 3299 491 3341 esse.
526 3285 554 3340 Si
572 3286 617 3340 ille
637 3283 779 3353 ἀλιτήριον
795 3285 838 3341 vel
851 3283 1011 3355 ἀλαγτήριαν
1022 3286 1148 3352 scripsis-
1166 3313 1169 3318 ·

49 3373 96 3436 set,
114 3369 146 3422 ad
164 3366 267 3432 τυαάνη
284 3367 375 3423 relerri
394 3367 512 3436 deberet,
531 3369 580 3424 sed
597 3370 702 3422 latinum
719 3384 797 3420 νααια
810 3367 874 3437 (quo
887 3365 986 3424 herbae
998 3380 1148 3435 vepresque

49 3453 204 3521 evelluntur)
223 3465 270 3504 nos
287 3456 393 3506 revocat
410 3451 442 3505 arl
455 3451 619 3524 ἑλαγτῆρισν.
657 3452 706 3506 Pro
725 3452 806 3505 altero
824 3451 944 3506 subvenit
956 3448 1149 3520 γειρασίλγρσν

50 3535 215 3608 ἀμυντήριον
231 3548 321 3590 manus
339 3533 442 3601 serrata,
460 3533 607 3604 ναύμαχον
625 3533 716 3594 ὅπλον,
734 3532 939 3605 χιιροοαλνὶριον
956 3532 1021 3587 Poll.
1037 3532 1070 3586 11.
1088 3533 1145 3589 152.

111 3621 156 3686 17)
181 3617 241 3673 Non
257 3623 385 3687 repugnat
400 3617 526 3687 Hemchii
544 3619 632 3685 glossa
650 3615 784 3686 Φσργάνγ
805 3614 819 3680 ἡ
840 3615 968 3685 ἀραιότης
986 3617 1009 3669 si
1027 3613 1079 3668 hoe
1092 3628 1146 3668 ne.

49 3705 113 3760 mine
131 3702 161 3756 τὸ
180 3700 281 3771 ἀραιόν
298 3700 454 3768 significavit
471 3706 500 3756 ut
516 3701 626 3757 loesius
645 3705 736 3756 oenset
752 3715 773 3755 s.
794 3698 983 3770 Φαρακιῶλες.
1023 3696 1145 3754 Clemens

49 3785 118 3842 Alex.
138 3784 241 3856 ἐργάνη
260 3786 393 3853 usurpavit
408 3800 455 3853 pro
473 3784 587 3855 ἐργασία
607 3787 655 3852 sic,
672 3789 744 3853 puto,
764 3789 792 3838 ut
803 3782 919 3839 Minerva
933 3781 1026 3836 dicitur
1038 3795 1085 3850 pro
1098 3795 1144 3836 ar·

50 3867 132 3925 tilulo.
176 3870 206 3924 ln
231 3867 360 3936 Theophr.
385 3866 451 3921 Hist.
475 3868 510 3922 ll.
528 3869 553 3935 8,
577 3869 602 3924 5.
631 3863 645 3931 ἡ
670 3865 796 3929 σκααάνη
821 3866 889 3916 πᾶσι
911 3868 1045 3935 συμφέρει
1069 3862 1104 3923 αἰς
1129 3861 1143 3929 ἦ

50 3952 152 4012 οκάλσις
170 3982 202 3993 -
219 3951 292 4008 idom
309 3951 379 4007 valet
397 3951 468 4020 quod
484 3953 605 4020 σκαφιία
625 3950 669 4006 vel
686 3949 837 4019 σκάφευσις
855 3962 906 4004 non
919 3950 1024 4017 proprie
1035 3947 1084 4004 sed
1096 3961 1144 4016 per

51 4039 226 4106 metonymiam
243 4039 272 4088 ut
289 4033 379 4089 Sohol.
398 4034 507 4090 Theocr.
526 4034 548 4088 Ι.
565 4033 608 4090 28.
626 4031 781 4103 γλυφάνοιο
798 4034 917 4085 τουτέστι
937 4031 983 4095 τῆς
993 4029 1100 4100 γλυφῆς
1116 4035 1144 4086 et

49 4118 103 4175 lina
119 4136 165 4190 pro
185 4118 321 4187 expolitio.

867 4195 933 4263 12*
