2772 4992
217 273 287 344 800
535 270 858 340 ntssntttrttto
885 271 959 338 titt.

219 437 285 506 tt'ta
307 439 361 506 Tit.
380 436 452 506 stt
486 437 571 502 ttaou
596 437 662 502 iota
689 436 783 502 breve
803 435 933 517 hahent3
964 436 1086 518 longum
1105 455 1187 502 vero
1213 435 1320 520 ἔρυθος,
1377 457 1378 498 t

221 533 371 620 mooe
389 536 502 602 noceto
524 535 690 600 commilito
715 535 815 600 Noun.
834 529 983 618 ptpuoou
1002 543 1033 600 ot
1051 537 1192 621 μερμίθη
1215 557 1246 600 v.
1269 538 1321 600 Pa-
1377 563 1378 576 t

219 635 286 702 ruli
316 635 384 702 ttit.
431 636 586 702 Fomiriua
610 641 683 698 suut
703 635 833 716 Auaritia
860 633 933 698 orbs
958 634 1173 720 Lapitharum,
1207 639 1324 716 mna

218 753 373 814 mensura,
394 735 445 800 oui
465 735 576 800 similia
595 727 719 806 καπέτις
740 733 814 812 (hoo
834 734 976 816 aooontn)
997 727 1149 814 κάμασσις
1169 730 1325 818 μέτρουα
1377 759 1378 768 1

218 833 293 900 lies.
315 837 404 916 capio
424 831 508 916 quod
528 833 705 897 Ptisoianus
725 847 869 912 graecum
891 847 963 896 essa
984 839 1100 918 conset,
1123 841 1157 897 et
1179 835 1325 916 empedo;

219 949 360 1016 quaeum
381 931 460 998 idem
481 933 575 998 rotort
589 933 718 1016 Σαμθη
738 924 866 1012 ῥόφημά
883 951 913 992 τι
931 937 962 994 et
976 926 1075 1014 dpottu
1095 929 1217 1016 ἔδεσμα
1238 930 1328 996 ποιὸν

219 1029 272 1096 aad
292 1025 429 1114 ἄρτυμα,
447 1023 586 1114 ’minim
606 1031 693 1113 (post
710 1021 867 1112 dpdpeto)
886 1031 1001 1111 μυλῶν,
1021 1032 1074 1095 ubi
1095 1027 1227 1114 ἄμυλον
1249 1034 1328 1096 seri-

218 1130 365 1212 motum,
397 1129 481 1213 quod
506 1137 628 1196 ratores
648 1130 748 1194 Latini
769 1127 900 1192 amatum
922 1134 952 1194 ot
973 1131 1102 1195 similam
1122 1131 1280 1196 dixerunt
1300 1136 1330 1192 ut

219 1229 438 1296 Germanorum
458 1229 597 1294 uomuttt
617 1226 822 1292 Anatolium
840 1225 871 1290 td
892 1233 941 1291 ost
960 1228 1155 1313 Kroflmodl,
1186 1230 1328 1294 deterior

218 1337 307 1396 aetas
332 1327 506 1394 amidouum
535 1346 565 1392 a.
594 1327 642 1392 Du
663 1327 757 1406 Cang.
785 1323 868 1406 quod
895 1342 963 1390 oum
989 1330 1111 1408 graecis
1139 1330 1272 1411 σαμιθη
1301 1333 1328 1391 ot

217 1423 317 1510 ὀμίθα
337 1427 404 1492 stro
424 1423 541 1511 ᾶμιθον
561 1427 720 1508 convenit,
746 1439 846 1506 nuque
866 1424 958 1505 longo
978 1426 1047 1490 hino
1068 1431 1254 1507 sejunctum
1283 1433 1329 1489 est

217 1521 304 1610 ἔφης.
330 1525 493 1610 Δᾱμοῑίνι
506 1527 590 1592 uuila
602 1523 794 1606 reperiuntur
806 1523 866 1586 nisi
881 1526 1054 1606 oomposita
1066 1521 1230 1607 εὔκριθος,
1246 1519 1328 1590 doti-

216 1628 309 1702 audoe
322 1631 381 1690 otc.
403 1641 474 1690 nato
494 1619 625 1700 abedoc
647 1624 713 1688 site
735 1615 881 1700 mattis,
909 1622 992 1703 quod
1018 1626 1159 1706 magistri
1181 1624 1327 1706 Byzantii

217 1720 364 1790 κάκιστον
383 1725 639 1806 interpretamur,
659 1721 784 1804 gravior
796 1726 905 1785 auotor
916 1721 1066 1786 mundius
1077 1729 1229 1805 tanquam
1245 1740 1328 1802 ory-

217 1833 322 1890 tottam
337 1823 705 1906 maoroparaieotumoum
718 1815 836 1902 βοηθός
853 1820 1018 1899 componit.
1044 1821 1146 1886 Prima
1161 1826 1326 1905 positione

217 1929 303 1990 oarot
324 1921 500 1988 adverbium
521 1917 617 2005 ἤλιθα
636 1913 721 2002 παρὰ
739 1912 777 1982 τὸ
796 1913 864 1992 ἃλις
891 1918 994 1990 Sohol.
1017 1919 1072 1985 0d.
1093 1921 1144 1986 tit
1167 1922 1242 1988 330.
1275 1922 1325 2002 qui

216 2021 403 2088 nomerioum
424 2037 513 2086 usum
533 2025 684 2102 sequutus
705 2023 772 2096 ost3
793 2016 967 2097 oompinros
986 2015 1086 2102 μάτην
1105 2021 1324 2102 interpretan-

218 2130 266 2188 tar
293 2120 377 2186 duoti
399 2122 535 2185 tortasse
556 2113 752 2184 similitudino
779 2113 998 2194 antoninorum
1022 2109 1111 2198 ἠλεός
1133 2126 1165 2182 et
1186 2114 1322 2203 ἠλιθιος.
1374 2181 1375 2186 ,

215 2219 352 2285 tiliarum
373 2219 618 2284 tormiuatiouum
638 2215 785 2280 momoria
804 2213 903 2293 uulla;
933 2231 1002 2278 nam
1023 2231 1079 2296 pro
1100 2210 1158 2280 τὸν
1178 2214 1321 2303 papaticis

215 2319 311 2386 Arist.
332 2318 399 2382 liiir.
417 2317 491 2382 ttnt.
512 2315 583 2396 83³,
607 2313 657 2380 25.
678 2329 760 2376 nuno
778 2309 887 2394 μαριέα
907 2312 1019 2379 editum
1038 2320 1104 2396 ost,
1131 2333 1250 2382 nomon
1271 2319 1321 2381 la-

216 2416 297 2502 pidis
319 2433 408 2498 quem
428 2415 480 2482 ilio
502 2432 569 2480 oum
588 2411 719 2498 opupttp
739 2418 907 2492 eomparat.

299 2538 330 2608 s.
352 2529 381 2596 3.
423 2529 512 2608 Quod
531 2529 674 2610 Ephorus
702 2529 853 2594 Cumanus
881 2529 914 2592 in
936 2526 1105 2592 enarranda
1127 2529 1317 2597 Graecorum

215 2631 346 2696 historia
367 2645 463 2710 saepo
485 2630 587 2694 tanaro
608 2634 737 2693 ooaottrs
758 2633 823 2708 ost,
856 2643 947 2709 quum
968 2625 1135 2708 populares
1157 2647 1236 2695 suos
1260 2648 1317 2695 ne-

216 2745 277 2814 tptto
296 2727 420 2794 silentio
442 2729 611 2810 praeterire
632 2727 725 2792 tollet
745 2743 845 2809 noque
866 2726 907 2791 ob
928 2741 991 2788 rom
1011 2725 1175 2804 insigniter
1195 2737 1316 2810 gestam

214 2829 380 2894 memoriae
394 2825 657 2910 prodorepossot,
678 2831 712 2890 ut
732 2825 792 2890 itoo
812 2827 913 2907 ipsum
935 2826 1086 2888 enarratis
1105 2824 1237 2891 aliorum
1259 2845 1316 2910 ge-

216 2927 275 2992 stis
301 2925 469 3006 suinoorot
498 2931 641 3006 tauquam
667 2939 790 2990 vorsum
815 2923 1044 3006 intercalarem,
1083 2923 1237 2989 Cumaeos
1261 2943 1317 3009 per

215 3024 276 3089 itoo
297 3029 416 3105 tompus
437 3023 512 3088 nihii
532 3023 645 3108 agisse,
666 3024 746 3089 idem
766 3025 837 3088 milti
858 3039 980 3104 quoquo
998 3022 1035 3087 de
1050 3023 1232 3104 quibusdam
1250 3035 1315 3090 ter-

214 3123 432 3189 minationibus
459 3121 619 3187 dioendum
646 3131 705 3188 est.
754 3123 807 3189 sio
834 3129 865 3186 et
895 3124 1033 3186 omioron
1061 3123 1100 3187 ob
1126 3122 1202 3185 nihil
1231 3123 1314 3188 aliud

215 3237 420 3288 oommomoro
442 3237 532 3304 quam
552 3237 592 3286 no
614 3221 728 3288 oblitus
750 3239 822 3286 ossa
843 3220 956 3285 videar.
988 3221 1066 3285 Nam
1087 3217 1227 3304 ἅρῥοθος
1248 3230 1314 3290 sive

212 3317 370 3404 τάρῤοθος
389 3317 591 3402 undecunque
613 3327 729 3406 ortum,
750 3326 835 3385 oorte
855 3335 918 3382 non
938 3335 1126 3400 paragogum
1148 3328 1212 3403 est3
1241 3317 1314 3388 dud

212 3425 349 3500 λουθος,
373 3417 456 3504 quod
477 3417 671 3482 Grammatioi
690 3413 896 3500 ipoattavoog
913 3419 1170 3499 interpretantur,
1193 3438 1313 3488 conne-

213 3537 285 3586 xum
304 3519 427 3584 uidetur
446 3517 542 3580 verbo
562 3519 673 3595 καλεῖν,
694 3513 797 3580 ἐλθεῖν
816 3517 889 3581 iios.
912 3520 1000 3597 eujus
1015 3518 1160 3581 usitatior
1179 3526 1229 3584 est
1244 3522 1313 3586 tor-

214 3637 264 3684 ma
290 3621 402 3701 μολεῖν.
444 3615 578 3680 matriae
603 3624 711 3695 portus
732 3610 906 3698 Χαρμόθας
933 3616 1034 3680 Strab.
1054 3616 1130 3681 xvt.
1152 3618 1222 3682 777.
1246 3621 1311 3683 sive

213 3711 407 3800 Χαρμουθᾶς
420 3715 494 3798 (sio)
507 3715 595 3779 Diod.
604 3714 653 3779 ttt.
666 3715 716 3780 43.
728 3709 894 3787 Ma'ooo‘ioo
906 3713 981 3778 urbs
994 3714 1150 3795 Aegypti³
1162 3722 1193 3780 ot
1207 3724 1311 3782 cetera
1377 3773 1378 3780 ,

213 3817 355 3882 barbara.
398 3813 459 3880 Sed
487 3813 579 3878 latius
607 3831 643 3878 se
670 3812 785 3877 dmudtt
813 3813 947 3896 ypsilon,
979 3817 1067 3894 eujus
1089 3815 1148 3876 tria
1171 3816 1311 3898 exempla

281 4037 310 4104 3)
328 4033 422 4089 dread.
441 4051 467 4104 p.
487 4037 528 4102 30,
546 4037 572 4092 5.
591 4033 620 4088 τὸ
639 4037 751 4102 raptem
767 4036 814 4088 καὶ
829 4034 963 4104 geraudus
979 4035 1026 4087 καὶ
1051 4032 1208 4107 τερενούθις
1227 4035 1308 4104 βαρύ.

212 4137 296 4179 νεται,
316 4132 367 4174 sut·
384 4121 522 4184 Ταμίαθις
539 4133 571 4174 ox
589 4117 687 4174 Anecd.
710 4118 793 4175 Bokk.
813 4119 886 4178 itti„
904 4120 1043 4176 ottrooou
1059 4125 1087 4176 ei
1103 4119 1267 4186 Θῲμουθις.
