2750 4994
237 261 304 330 190
587 257 914 326 nissunrnrro
950 259 998 326 iv,

235 420 382 510 ιινητιιιὸν
395 419 510 508 ὁμοίως
531 423 742 490 Choeroboso.
764 423 863 489 Crem.
877 425 913 490 ll.
930 423 998 491 179.
1011 425 1076 491 EM.
1092 425 1166 492 Gud.
1182 443 1213 508 p.
1227 425 1338 510 21151.

236 527 295 592 Ubi
308 541 383 592 vero
398 541 466 590 cum
480 531 610 590 accentu
627 526 764 588 vadatur
784 524 946 606 scriptura,
967 541 1019 588 res
1041 525 1104 588 iero
1117 525 1156 590 ud
1171 526 1271 590 aleam
1289 542 1335 588 re-

236 627 295 710 dit,
323 625 418 689 veluti
447 641 518 687 uum
546 623 686 704 trigidum
708 628 739 686 et
760 623 918 703 perllubile
939 620 1088 705 ψυχεινόν
1108 624 1271 688 dicendum
1299 625 1333 686 sit

235 731 269 790 ut
304 717 440 788 ἐλεεινόν
465 739 505 786 an
528 717 664 803 αύχινον
687 729 721 786 ut
741 721 888 796 odiendo,
917 723 950 784 iu
977 723 1088 803 quibus
1116 723 1186 786 libri
1213 725 1337 803 saepis-

236 823 314 888 sime
336 819 531 903 discordant,
559 822 689 887 Aristot.
710 820 814 884 Probi.
834 820 951 884 XXXV.
964 821 993 884 4.
1017 822 1167 903 Theoplrn
1183 821 1276 886 Cous.
1291 822 1336 884 lll.

235 921 265 987 4.
285 919 411 986 Aristid.
440 919 491 985 0r.
519 920 637 983 XXVll.
659 919 729 985 347.
750 939 779 984 v.
808 921 953 984 Boisson.
976 920 1014 984 ad
1041 923 1196 984 Aristaeo.
1217 937 1248 1001 p.
1270 919 1335 984 273.

235 1021 288 1084 ubi
307 1013 439 1101 νυχινός
458 1017 651 1100 redarguitur
672 1024 802 1081 accentu
833 1025 866 1081 ut
887 1012 1044 1082 θαλπινόυ
1071 1019 1144 1083 lies.
1167 1037 1193 1084 s.
1212 1015 1333 1101 Ἰάχεον,

234 1135 292 1202 pro
315 1135 376 1200 quo
398 1119 430 1181 in
448 1117 515 1182 ΕΜ.
538 1135 563 1182 s.
583 1112 701 1199 Ἰσχνόν
723 1111 860 1198 (tanede)
883 1117 1072 1181 emendatius
1090 1119 1237 1182 scribitur
1257 1121 1334 1180 eot-

234 1211 351 1282 oeetvdv.
393 1215 456 1281 Sed
476 1212 622 1298 ταχεινὸς,
644 1214 728 1297 quod
748 1216 971 1296 ltlosclropulus
992 1217 1024 1279 in
1045 1217 1221 1296 paronymis
1244 1219 1334 1280 relert

235 1322 267 1380 ut
295 1314 407 1380 Suidus
436 1332 560 1397 quoque
581 1314 714 1396 recepit,
742 1330 805 1378 non
827 1315 896 1400 plus
918 1317 1112 1379 auctoritatis
1133 1315 1226 1379 habet
1249 1333 1335 1398 quum

233 1409 390 1496 τραχεινός
409 1413 496 1478 Eust.
518 1415 588 1497 541,
608 1412 658 1478 30.
682 1413 721 1476 ub
744 1412 852 1477 eodem
876 1412 972 1477 Stridet
992 1421 1023 1478 et
1039 1413 1216 1478 Herodiano
1239 1416 1333 1497 Epion.

235 1513 304 1580 175.
331 1519 534 1578 memoratum
563 1520 594 1576 et
618 1508 724 1594 ὄμφιιξ
742 1506 779 1575 τὸ
800 1505 921 1588 ὀξεινόν
939 1513 1005 1575 Eli.
1036 1529 1093 1594 pro
1121 1529 1183 1594 quo
1204 1515 1333 1594 llesych.

233 1612 350 1676 rectius
379 1606 500 1690 ὄξινον,
529 1628 588 1675 uec
615 1613 682 1675 scio
712 1612 765 1675 ubi
791 1605 933 1694 βαριινός
958 1613 1130 1674 inveniatur
1158 1630 1219 1693 quo
1244 1616 1334 1677 utitur

234 1708 399 1792 Goottling.
428 1710 466 1775 de
492 1712 567 1774 Aac.
589 1709 659 1774 303.
706 1710 767 1775 Pro
792 1706 929 1794 φωτινός
948 1710 1055 1774 lumini.
1079 1709 1116 1773 de
1138 1713 1229 1791 illust.
1253 1713 1288 1777 ll.
1307 1711 1333 1775 4,

232 1826 263 1890 p.
283 1809 345 1894 45,
373 1810 422 1878 49.
450 1817 482 1874 et
516 1810 625 1874 sorau.
650 1809 721 1876 ltlul.
749 1826 778 1892 p.
800 1809 870 1876 219.
909 1809 1071 1874 Florianus
1098 1810 1226 1874 Loheck
1253 1817 1333 1874 recte

233 1909 360 1988 scripsit
387 1904 546 1990 φωτεινός.
587 1908 725 1972 Duorum
746 1925 826 1990 quac
848 1907 1070 1988 llosclropulus
1091 1924 1110 1971 a
1131 1910 1285 1974 femininis
1305 1911 1332 1971 iu

231 1998 255 2070 α
274 2008 457 2072 exeuntibus
480 2007 618 2072 derivato
638 2006 721 2091 dicit,
743 2007 825 2088 apud
846 2008 1039 2088 posteriores
1060 2007 1221 2072 breviores
1242 2025 1331 2090 repe-

231 2107 351 2171 riuntur
372 2106 488 2170 lormac
508 2098 631 2180 eddredo
652 2113 683 2170 et
704 2107 862 2188 proprium
882 2099 1007 2187 ‘moves
1032 2107 1064 2168 in
1086 2106 1177 2186 Gorp.
1198 2106 1293 2171 lusor.
1314 2106 1331 2170 l.

232 2205 302 2270 270.
324 2223 353 2287 p.
374 2205 444 2272 375.
467 2211 498 2270 et
519 2206 588 2270 aliis
609 2206 706 2289 locis,
727 2214 904 2289 utrumque,
926 2206 986 2269 nisi
1007 2222 1094 2287 erro,
1122 2209 1330 2269 contractione

231 2303 372 2367 uliectum
393 2303 547 2385 longaque
568 2303 752 2385 penultima;
773 2320 955 2386 quamquam
974 2303 1169 2368 Grammatici
1190 2307 1242 2386 qui
1262 2304 1329 2368 illud

230 2401 311 2466 inter
332 2402 515 2482 temporalia
535 2403 722 2486 retulerunt,
750 2419 813 2466 non
839 2403 928 2466 aliter
949 2405 1174 2486 pronunciasse
1195 2403 1330 2468 ridentur

231 2515 323 2580 quum
348 2497 482 2583 θερινός.
526 2501 588 2566 Sed
618 2502 701 2583 quod
727 2499 860 2578 ιιιθινός
886 2505 918 2566 iu
939 2504 1030 2568 Antii.
1058 2503 1170 2583 legitur
1191 2510 1330 2585 correpta

230 2597 349 2681 media,
378 2602 520 2681 poeticae
541 2601 750 2681 imputandum
773 2608 822 2666 est
844 2602 996 2668 licentiae.
1038 2602 1162 2682 Siquis
1183 2619 1259 2666 vero
1281 2619 1328 2666 re-

231 2698 332 2781 quirat
353 2715 408 2762 cur
428 2692 574 2780 ἆχθιινός
593 2706 624 2763 et
645 2695 774 2782 φαεινός
795 2718 813 2763 a
833 2702 1009 2765 nominibus
1030 2701 1134 2782 potius
1155 2706 1330 2781 repetuntur

230 2813 322 2877 quam
342 2813 361 2862 a
381 2799 495 2881 verbis,
524 2814 650 2862 consum
669 2799 768 2862 reddit
787 2799 853 2863 Eli.
875 2799 925 2882 58,
945 2799 995 2864 50.
1018 2793 1169 2880 ἀνανεινός
1190 2793 1252 2863 οὐκ
1271 2794 1326 2863 eae

229 2896 289 2959 τοῦ
309 2889 407 2978 ἀλέγω
427 2888 502 2960 οὐδὲ
522 2889 584 2960 ἀπὸ
604 2898 662 2961 τοῦ
679 2894 751 2962 ἐλεῶ
766 2893 902 2976 elestede,
923 2891 1025 2981 ἐπειδὴ
1039 2893 1149 2981 ὤφειλε
1156 2894 1326 2982 γράφεσθαι

230 2987 283 3058 διὰ
302 2996 360 3058 τοῦ
379 2991 405 3059 ἱ·
424 2988 464 3058 τὰ
477 2989 538 3076 γὰρ
558 2996 601 3070 εἰς
620 2983 676 3074 ἧς
695 2992 830 3074 ὀξύιονα
847 2992 890 3080 μὴ
911 2992 988 3060 ὄντα
1007 2992 1181 3078 παρώνυμα
1201 2992 1253 3061 διὰ
1272 2997 1322 3060 τοῦ

229 3091 247 3154 ῐ
267 3088 432 3175 γράφεται,
453 3091 591 3177 ταχινός,
612 3093 744 3171 πυκινὸς
762 3103 822 3160 ete.
865 3097 1009 3160 Attamen
1029 3095 1100 3159 huic
1121 3095 1248 3161 decreto
1270 3097 1324 3160 ob·

228 3192 313 3255 sistit
332 3189 469 3258 Δαεινόν
489 3191 645 3278 καύσιμον
664 3196 797 3275 Hesych.
819 3212 838 3258 a
861 3191 927 3258 δάω
945 3194 1051 3278 (oeta)
1072 3195 1177 3276 potius
1201 3211 1322 3276 quamn

227 3285 318 3370 dolos,
347 3298 378 3354 ct
397 3288 532 3369 πετειυός
559 3295 684 3359 verbale
710 3295 803 3376 idque
827 3295 931 3378 poetis
952 3310 1016 3358 uon
1041 3293 1236 3378 infrequens,
1257 3293 1322 3374 qudo

228 3391 359 3453 etiamn
381 3390 521 3472 Lycurgo
542 3399 723 3474 usurpatum
745 3409 772 3456 c.
794 3393 901 3457 Leocr.
923 3391 993 3458 229.
1013 3406 1103 3472 quem
1123 3391 1227 3456 locum
1245 3393 1321 3456 Tlro-

229 3679 327 3735 ttescto
346 3695 398 3748 quo
411 3683 473 3748 Jure
490 3686 611 3748 gravetur
627 3680 754 3739 Φάινννς
772 3680 850 3736 Anth.
869 3682 911 3737 lV.
932 3683 955 3749 l,
974 3681 1017 3738 29.
1036 3696 1095 3736 nam
1113 3680 1247 3750 φαιννός,
1262 3678 1318 3744 ipa·

227 3759 355 3828 φάεννος,
372 3761 595 3834 χρυσοφάεννα,
614 3767 719 3834 proprie
738 3767 841 3822 aeolica
857 3781 909 3821 non
926 3771 999 3830 sunt;
1020 3763 1136 3817 Φαιννιὶ
1154 3765 1257 3820 Gratiae
1272 3777 1318 3816 no-

225 3858 285 3898 men
303 3843 420 3898 doricum
438 3846 514 3900 Paus.
535 3845 577 3900 lX.
596 3847 638 3913 35,
658 3851 681 3904 1.
702 3851 729 3901 in
747 3849 805 3903 eod.
824 3848 907 3916 ltosq.
921 3853 1097 3917 paroxytonon
1110 3856 1159 3904 est.
1195 3849 1258 3904 Cum
1274 3849 1318 3901 hac

226 3927 307 3981 lomna
324 3931 438 3983 concinit
455 3933 575 3988 Φαεννίς
590 3929 620 3984 X.
641 3933 681 3998 12,
698 3933 724 3988 5.
744 3937 770 3987 et
787 3930 1017 3986 memorosum.
1038 3933 1072 3986 ll.
1088 3933 1130 4000 36,
1148 3935 1173 3990 2.
1194 3950 1250 3989 cum
1263 3936 1315 3982 ψιι-

225 4007 296 4066 εινός
312 4024 375 4065 vero
393 4014 507 4069 Φαεινίς
520 4012 600 4066 Thue.
619 4014 661 4068 ri.
682 4015 738 4070 1³2.
773 4015 803 4069 lu
818 4015 996 4070 dhoerobosci
1013 4017 1031 4070 l.
1045 4032 1068 4070 c.
1083 4032 1130 4084 pro
1143 4020 1248 4086 proprio
1258 4019 1315 4066 Φιν-

224 4091 311 4150 τεινός
327 4091 437 4151 sortasse
454 4094 610 4162 adjectitium
627 4097 747 4151 substitui
767 4103 870 4166 oportet
887 4105 914 4155 et
930 4114 976 4167 pro
995 4099 1122 4163 tttpttttc'v
1132 4131 1171 4146 ·-
1188 4099 1284 4169 κύριον.
