2768 4994
154 266 208 330 DE
230 266 325 332 NOM.
338 265 503 342 QUORUM
520 267 632 336 CHAR.
645 266 722 330 EST
736 265 866 329 stultu.
891 267 923 332 C.
937 268 971 334 ll.
986 276 1015 344 s.
1033 270 1060 334 t.
1100 269 1167 338 421

24 431 34 514 ’ρ
68 426 213 514 ἐσχάτη
233 432 305 496 Hes.
334 427 474 514 τιμήσιος
501 440 530 497 ol
550 426 701 514 ὑμνήσιος
722 430 840 494 Aelian.
863 440 914 498 aui
943 434 1069 514 antiqua
1096 435 1167 514 qui-

24 531 109 594 lem
145 536 223 594 sunl
245 530 301 594 sod
321 533 446 611 poetica
466 527 606 614 κτήσιος,
634 525 778 606 ἐπόψιος,
806 525 988 614 imboiatos,
1018 525 1165 612 ἀνάρσιος

26 623 158 709 παρὰ
177 623 220 694 τὸ,
235 624 300 709 ἅρω
323 629 421 710 Soio.)
442 625 586 708 ὑπόψιος,
607 623 771 705 mundulos,
794 625 969 710 συλήσιος.7
1001 631 1111 694 Verum
1132 633 1164 697 itt

23 729 75 791 ris
108 729 205 809 ipsis
226 729 374 792 nounnlla
395 730 514 812 insunt,
542 746 622 810 quae
643 729 768 792 alutnri
783 727 979 792 similitudine
994 735 1055 794 tam
1070 729 1162 810 louge

22 827 269 892 liscesserunt
290 833 323 890 ut
345 827 475 891 dubitari
496 830 597 908 possit
611 844 649 890 an
663 826 724 889 alio
739 827 846 889 relerri
861 826 1001 893 debeant
1030 827 1161 894 Primum

22 927 154 990 licam
184 924 349 989 leunculi
377 943 456 1006 quae
483 929 600 1006 sigma·
607 925 772 1006 praecedit.
813 925 945 1004 Epsilon
965 927 1055 1006 igitur
1077 943 1159 990 nuu-

21 1041 208 1105 nunquam
228 1024 260 1088 in
280 1044 307 1088 et
327 1024 377 1088 vel
396 1048 417 1108 η
438 1026 576 1106 vortitur,
596 1018 682 1103 παρὰ
701 1016 757 1086 τὸν
774 1015 893 1103 ἀρκέσω
904 1017 1057 1105 Ἀρκέσιος
1071 1023 1158 1106 (Soli.

21 1124 56 1186 l.l
95 1123 147 1187 ΙΙ.
180 1122 263 1204 (131)
291 1119 345 1186 καὶ
367 1115 531 1205 Ἀρκείσιος
557 1075 722 1188 r’rerouun.
750 1122 816 1186 EM.
845 1123 913 1205 144,
934 1123 962 1188 2.
991 1123 1029 1186 ab
1058 1115 1155 1197 ἀλέσω

20 1238 98 1285 nom
137 1220 245 1284 solum
268 1212 397 1286 Ἀλεσλω
423 1224 510 1288 uicus
538 1224 727 1303 Laconicus,
755 1228 788 1285 ut
809 1221 979 1286 Pausanias
1003 1222 1155 1304 opinatur,

20 1320 87 1384 sed
128 1321 229 1384 etiam
255 1313 385 1403 ἄλὴσιον
410 1323 475 1386 πᾶν
501 1315 538 1384 τὸ
560 1314 765 1402 ἀληλεσμένον
784 1321 856 1386 Hcs.
879 1321 1030 1400 aliumque
1051 1321 1153 1386 locum

19 1417 194 1484 Ἀλείσιον
213 1421 279 1482 sive
295 1413 439 1503 Ἀλήσιον
460 1421 600 1484 dubitant
619 1425 720 1482 utrum
741 1419 780 1484 ab
802 1413 899 1482 ἀλέσω
920 1420 1088 1485 derivatum
1104 1419 1153 1484 tli-

18 1527 107 1582 cant
137 1535 185 1582 an
203 1513 393 1602 ιινριένυμον
414 1520 458 1604 τῷ
479 1513 529 1583 ἁλι
548 1537 575 1584 v.
596 1517 716 1582 Berkel.
739 1518 778 1581 ad
800 1518 905 1598 Stepb.
927 1536 952 1583 s.
970 1519 998 1584 b.
1015 1538 1042 1585 v.
1061 1511 1150 1602 Ἀκη-

20 1617 104 1691 σίοις
135 1618 288 1683 inlusor.
315 1618 449 1684 Noiulcl.
472 1618 508 1683 N.
532 1617 599 1682 165.
627 1611 784 1697 Καλήσιος
804 1651 845 1666 -
865 1610 927 1679 ἀπὸ
947 1619 1006 1680 τοῦ
1026 1615 1150 1682 καλέσαι

22 1717 108 1780 Scb.
135 1716 174 1782 Il.
196 1717 243 1782 vt.
265 1716 313 1783 18.
342 1719 391 1782 cni
419 1716 602 1790 simillimum
625 1722 674 1780 est
700 1714 774 1779 illud
794 1711 951 1797 Αλνήσιος.
994 1718 1040 1782 nx
1070 1735 1149 1784 cou-

24 1817 139 1879 trario
170 1833 228 1896 pro
255 1817 350 1898 longa
377 1818 468 1881 lntnri
495 1815 620 1878 nomina
647 1814 771 1878 brevem
803 1815 961 1878 asciscunt
986 1810 1150 1897 Ἕκβασος,

28 1914 206 1979 Oribasos
229 1915 315 1981 Ouid.
335 1917 407 1980 Met.
427 1916 477 1980 lll.
498 1912 568 1978 210.
585 1905 776 1992 Ὀριιβάσιορ
796 1913 886 1978 Antb.
915 1919 945 1975 et
969 1914 1027 1978 tria
1046 1915 1149 1996 Apol-

26 2012 107 2078 linis
134 2015 322 2093 cognomina
342 2009 490 2096 έκβάσιος,
512 2007 904 2094 έμβάσιοςοέκαινιβάσιος,
926 2013 1148 2093 quaellalcker

26 2115 150 2176 narius
182 2113 301 2176 conlcrt
333 2113 372 2176 ml
400 2113 536 2177 Pboeun.
569 2110 656 2176 1416.
687 2111 857 2191 similiaque
889 2110 976 2188 lovis
1011 2113 1148 2194 epitbcta

28 2204 173 2292 ἆφέσιος
197 2210 288 2276 Pons.
307 2211 330 2274 I.
351 2211 400 2276 44.
430 2218 461 2275 et
488 2205 639 2291 εὑρέοιος,
671 2208 753 2290 quod
782 2216 813 2272 et
839 2209 896 2271 viri
918 2211 1073 2291 proprium
1096 2220 1145 2276 cst

27 2327 155 2374 nornen
176 2314 211 2371 nt
227 2301 424 2384 Ἀνσσιέσιος
444 2308 597 2374 Christod.
614 2308 727 2388 Eopbr.
741 2308 810 2372 404.
829 2300 1049 2372 et’Avuouuolu
1066 2310 1145 2374 Gre-

30 2425 100 2489 gor.
126 2408 228 2474 Carm.
248 2408 297 2472 bl.
321 2427 350 2490 p.
364 2408 413 2474 78.
426 2411 460 2473 Β.
480 2404 630 2490 Αἱρέσιος,
645 2401 857 2486 Προαιρέσιος,
880 2402 1038 2484 Σινιέσιος.
1059 2409 1144 2474 Haec

28 2509 129 2588 igitur
153 2508 208 2589 qui
229 2508 377 2572 alutaris
399 2506 536 2572 derivata
557 2514 740 2589 statuerunt,
763 2505 801 2570 ad
819 2507 960 2585 systolen
977 2509 1143 2588 coningere

34 2607 143 2670 coacti
172 2612 244 2670 sunl
270 2613 304 2669 ul
329 2606 361 2669 in
384 2607 551 2670 femininis:
585 2600 670 2686 παρὰ
689 2600 764 2678 τοὺς
783 2601 947 2685 μέλλοντας
966 2600 1084 2686 ἐγένετο
1104 2602 1143 2670 τὰ

30 2707 169 2770 τοιαῦτα
189 2697 329 2786 ὀνόματα
346 2699 415 2787 ἥσω
437 2701 534 2782 έξεσέα
578 2701 669 2768 θύσω
690 2704 800 2781 molo,
831 2703 982 2784 monticola
1009 2705 1080 2769 seb.
1109 2706 1141 2770 ll.

35 2802 142 2869 XXIV.
167 2804 237 2869 235.
267 2802 329 2869 Sed
350 2804 408 2868 bac
429 2805 558 2886 ambago
580 2822 660 2886 opus
681 2820 744 2869 nou
766 2810 814 2867 cst
836 2803 863 2866 si
884 2805 1040 2884 sequimur
1060 2804 1141 2868 riam

35 2902 73 2965 ab
95 2903 166 2966 EM.
188 2902 259 2986 778,
278 2902 328 2968 86.
349 2910 550 2968 monstratam
577 2897 747 2986 ὑπερβασία
766 2897 851 2982 παρὰ
870 2897 926 2964 τὸν
943 2889 1075 2982 Ιβέβνιμνι
1094 2898 1141 2984 pi-

37 3000 132 3080 βασαι
153 3000 383 3084 παρακείμενον.
433 3003 485 3066 Sic
505 3004 597 3084 igitur
620 3003 744 3067 nomina
768 3001 800 3063 in
821 2988 868 3075 ιὀς
889 3006 919 3066 et
934 2988 999 3078 Ta}
1021 3018 1101 3082 qu³⁰
1123 3020 1141 3065 a

37 3099 130 3162 luturi
154 3099 350 3168 similitudine
372 3102 530 3184 oberrant,
557 3119 576 3164 a
597 3099 734 3173 secunda
754 3099 882 3180 perlecti
903 3101 1021 3180 passivi
1042 3101 1141 3180 repeti

38 3197 84 3259 las
106 3205 158 3262 cst
178 3206 239 3280 aut,
260 3200 288 3262 si
309 3217 349 3264 ne
369 3200 446 3264 baeo
468 3200 588 3282 quidem
609 3202 680 3282 tingi
701 3204 821 3281 potest,
842 3216 862 3262 a
883 3198 1115 3264 substantivis
1107 3215 1139 3262 m

37 3309 81 3368 σις
38 3249 267 3380 *declinatis
289 3293 446 3380 Νεμέσιος,
464 3294 607 3380 γενέσιος,
627 3294 869 3380 καθάρσιοςθῑσ.
896 3291 1032 3380 Σιήσιος
1052 3313 1138 3378 vero,

40 3409 97 3473 quo
124 3396 249 3460 nomine
267 3396 450 3461 Plutarchus
476 3397 582 3462 Jovem
604 3399 759 3463 Statorem
779 3397 1007 3479 interpretatur,
1030 3401 1060 3459 ot
1080 3391 1135 3458 λύ

38 3505 100 3567 nuos
122 3496 225 3559 Liberi
247 3496 344 3578 patris
367 3504 618 3580 cognomentum,
648 3495 866 3578 propriumque
891 3494 1026 3575 Λυσίας,
1055 3509 1136 3574 quo-
1206 3563 1207 3568 .

40 3607 101 3656 rum
121 3594 241 3674 syllaba
262 3595 359 3675 prima
379 3594 473 3675 longa
494 3602 552 3678 cst,
579 3597 725 3660 aluturis
747 3595 848 3675 potius
871 3609 960 3673 quum
981 3609 1000 3654 a
1020 3592 1136 3654 vitioso

40 3691 130 3775 λῦσις,
152 3690 235 3774 quob
254 3693 285 3755 in
306 3693 399 3774 Regg.
419 3693 507 3758 Pros.
530 3693 566 3758 N.
588 3692 637 3766 26
658 3693 728 3760 426.
758 3692 952 3773 proponitur,
974 3688 1029 3754 sed
1054 3691 1135 3752 Θισ-

102 3940 250 4008 ὈΜιιίιιι.
269 3955 294 3994 v.
313 3941 371 3998 584
385 3939 491 4006 σελήνη,
510 3941 536 3994 εἰ
550 3940 604 4010 μὲν
621 3940 706 3994 Moero
728 3940 793 4007 (scr.
809 3937 941 4006 iloarol'
923 3955 1073 4008 ιιργνρος,ι
1065 3936 1130 3988 ιιιλν-

44 4033 83 4082 γει
74 4021 231 4076 onata-v
201 4023 344 4100 -κιῆσιν
361 4023 385 4077 δ’
405 4021 548 4077 Mamurrae
566 4021 682 4088 illust
667 4045 681 4088 up
702 4041 740 4082 τις
758 4021 839 4076 tinia
855 4020 988 4091 μεγάρων
1007 4019 1099 4084 sutrim
1103 4039 1158 4078 ος

46 4117 71 4166 χ
73 4119 113 4154 ι
101 4102 168 4158 lucae
187 4107 205 4159 1.
224 4119 248 4160 e.
270 4122 317 4175 per
335 4106 427 4162 lurtum
445 4107 565 4191 abierit.¹
