2792 4998
431 291 824 367 nanthario.
1139 302 1181 362 lx

64 469 151 536 enirn
186 468 283 536 viam
319 481 469 551 asperam
503 472 537 535 et
563 465 729 535 incultam
767 469 923 553 ingresso
964 468 1053 536 circa
1087 471 1181 540 initia

63 581 331 652 subsistendum
358 581 426 673 luit,
452 581 512 652 sed
539 601 609 653 non
635 582 751 653 defore
765 589 846 671 puto
869 585 926 672 qui
943 583 1178 671 amplissimum

62 701 313 787 grammaticae
349 717 488 786 graecae
522 700 633 769 locum
665 701 791 785 madore
833 705 992 788 apparatu
1033 707 1180 772 exstruat

61 824 161 906 atque
192 821 352 886 exornet
406 815 499 888 Certe
526 811 668 884 ἔσσεται
694 805 804 893 οὗτος
828 805 924 908 dopo
939 859 991 870 -
1012 821 1077 888 nisi
1093 819 1177 890 11111

61 954 158 1025 aura,
188 951 265 1021 qua
293 933 456 1002 hactenus
481 937 631 1022 provecti
658 952 791 1026 sumas,
818 932 981 1004 rellaverit
1005 940 1177 1025 totumquo

59 1054 123 1122 hoo
151 1052 374 1138 antiquitatis
402 1049 546 1119 studium
572 1050 883 1123 sicutNiehuhrius
906 1057 982 1122 ante
1000 1051 1064 1122 hos
1085 1053 1176 1124 duo-

60 1169 168 1239 decim
198 1185 317 1237 annos
343 1169 542 1238 vaticinatus
569 1174 631 1260 est,
657 1187 848 1255 repressam
864 1168 970 1239 luerit.
1019 1171 1079 1240 llla
1096 1174 1175 1259 qui-

59 1288 133 1356 dem
162 1287 209 1356 de
239 1284 391 1354 motibus
420 1286 569 1355 civilibus
595 1285 778 1375 praedictio
804 1305 892 1356 vana
916 1287 993 1379 tuit,
1021 1287 1082 1358 sed
1107 1307 1175 1376 pc-

59 1405 200 1474 riculnm
233 1400 374 1472 aliunde
399 1405 552 1472 imminet.
602 1403 835 1474 Etenim'duaa
853 1422 941 1474 nuno
955 1407 989 1474 in
1004 1407 1174 1495 plerisque

58 1521 257 1590 civitatibus
295 1520 443 1607 gliscunt
476 1525 589 1591 sectae
626 1541 714 1611 quae
748 1521 921 1592 liberalem
957 1522 1175 1593 eruditionem

57 1643 175 1727 partim
212 1643 460 1727 aspernantur,
497 1641 614 1725 partim
646 1641 891 1728 pertimescunt.
957 1640 1080 1708 Harum
1117 1643 1176 1710 uni

57 1757 224 1864 adscripti
253 1760 334 1825 sunt
359 1756 504 1824 utilitarii
530 1759 586 1844 qui
610 1757 692 1825 nihil
719 1756 809 1826 aliud
825 1763 941 1845 optant
955 1777 1054 1846 quarn
1068 1776 1175 1845 panes

57 1881 89 1944 11
122 1878 310 1945 circenses
344 1873 410 1944 hoc
436 1878 489 1942 est
513 1876 676 1961 pecuniae
709 1877 774 1944 cito
802 1874 1032 1957 conficiendae
1057 1881 1090 1944 et
1115 1895 1175 1964 per

56 1992 200 2063 delicias
229 1988 468 2079 prodigendae
494 1993 566 2061 vias
592 1998 626 2060 et
651 1993 806 2062 rationes.
861 1990 1176 2084 Quidfceiatloe-

57 2114 111 2175 tae
138 2111 299 2195 repetes,
326 2126 417 2195 poce
442 2107 662 2176 111αό111·
691 2145 736 2157 —
771 2115 804 2179 et
837 2110 870 2174 ci
904 2109 947 2176 de
978 2110 1175 2198 quincunce
1231 2121 1234 2126 '

54 2231 192 2294 remota
221 2224 416 2292 calathico
442 2225 529 2313 quid
553 2231 711 2314 superet,
746 2225 780 2296 id
807 2228 893 2295 scire
918 2229 974 2295 isti
1000 2229 1082 2295 satis
1110 2246 1172 2297 su-

54 2362 184 2434 perque
214 2343 352 2412 hahent
377 2346 410 2411 et
435 2348 567 2412 centum
595 2346 741 2415 Graecos
769 2350 861 2413 curto
889 2350 1045 2414 centusse
1062 2341 1173 2415 licen-

54 2453 113 2532 tur.
158 2462 291 2533 Altera
319 2463 372 2528 est
396 2458 498 2529 tactio
526 2460 701 2553 clericalis,
727 2462 878 2531 inscitiae
906 2465 939 2531 11
957 2465 1172 2550 superstitio-

54 2599 131 2649 num
156 2576 363 2668 nummula,
399 2595 486 2664 quae
519 2597 689 2669 nunquam
724 2579 928 2649 obliviscitur
958 2583 1173 2650 renovatione

54 2699 228 2769 literarum
267 2712 465 2782 graecarum
502 2702 536 2765 et
567 2697 742 2767 latinarum
775 2695 913 2784 gradum
945 2696 1068 2766 lactum
1094 2716 1173 2768 esse

55 2816 96 2885 ad
122 2818 223 2886 illam
253 2829 367 2881 rerum
400 2818 588 2882 nostrarum
621 2817 874 2885 conversionem
907 2832 975 2903 qua
1008 2814 1173 2901 rehgioa

55 2934 238 3003 calumniis
274 2931 561 3017 interpretantium
593 2931 778 3024 vindicata,
819 2936 907 3000 artas
941 2938 974 3002 et
1002 2932 1119 3003 literae
1153 2953 1172 3002 a

52 3051 201 3121 vinculis
238 3047 456 3116 monachalis
490 3051 705 3119 institutionis
740 3050 871 3138 solutae
904 3054 938 3119 et
976 3050 1065 3119 milla
1098 3053 1173 3121 viae

55 3169 97 3239 ad
131 3167 281 3256 generis
317 3167 423 3234 nostri
454 3165 691 3253 perlectionem
730 3166 919 3255 patefactae
957 3171 1043 3235 sunt.
1099 3166 1174 3237 lloc

56 3284 235 3375 estquod
266 3282 477 3353 hierarchiae
505 3285 667 3352 emissarii
693 3286 784 3354 tonsi
817 3285 983 3353 intonsivc
1016 3283 1173 3352 infectum

55 3402 202 3472 reddere
233 3401 331 3471 omni
358 3417 423 3486 ope
448 3403 594 3469 11111111
620 3418 713 3490 spem
739 3403 828 3471 nacti
855 3402 1004 3469 restituta
1020 3400 1174 3469 barbaria

57 3541 152 3590 suam
189 3521 261 3590 sihi
298 3517 559 3586 dominationem
584 3521 768 3587 restitutum
794 3519 842 3608 iri,
870 3518 923 3585 oui
948 3533 1037 3585 nano
1062 3515 1173 3585 hone-

57 3645 144 3709 sturn
179 3654 315 3709 nomen
356 3636 489 3721 pietatis
532 3641 566 3704 et
603 3633 892 3723 philorthodoxiae
931 3632 1173 3720 praescribitur.

56 3757 96 3825 111
121 3757 181 3827 fiet
208 3756 365 3824 sortasse
391 3755 428 3818 11
451 3770 510 3838 pro
528 3751 666 3820 Horatio
693 3737 831 3821 romano
858 3767 935 3818 mox
951 3750 1082 3837 legatur
1098 3747 1174 3816 Ho-

58 3879 161 3945 ratius
190 3873 363 3960 Polonus‚
390 3867 631 3959 Sarbievshins,
658 3870 754 3953 curius
782 3866 867 3936 odas
895 3873 929 3934 et
954 3863 1084 3953 epodos
1106 3881 1173 3930 nu-

59 4011 118 4079 per
148 3993 282 4081 aliquis
315 3985 481 4070 juventuti
512 3985 711 4055 christianae
746 3981 1005 4073 commendavit,
1048 3983 1081 4047 et
1115 3993 1174 4063 pro

60 4108 201 4196 Virgilio
232 4105 376 4178 ethnico
404 4102 560 4172 Christias
582 4102 649 4194 illa,
677 4120 776 4190 qnam
792 4098 985 4171 Alexander
1001 4097 1174 4164 Rossaeus
