2788 4986
415 309 811 380 ramusello.
1117 325 1169 385 l'll

73 487 162 555 verim
200 485 316 574 polius
354 502 454 574 quum
488 484 700 555 exhauserim
741 491 799 554 oui
837 503 906 558 uou
929 491 1024 573 justo
1050 491 1166 564 ordine

73 605 293 693 explioueriro;
334 603 370 674 ld
404 601 497 692 quod
529 605 653 672 evilore
687 600 884 690 perdiffiollo
917 605 978 676 luit
1008 609 1043 678 lu
1075 615 1168 680 ioum

72 739 167 792 rorum
193 724 296 810 oopiu
321 727 357 791 et
379 723 550 792 varietate.
602 717 701 801 Quod
727 721 757 788 si
783 723 860 809 rpuis
883 725 931 793 itu
947 723 1076 808 judiees
1090 725 1167 798 lruio

71 838 275 910 iueommorlo
304 839 432 910 ooeurri
457 837 611 924 potuisse
637 839 666 906 si
693 855 735 906 ex
748 837 859 908 meliis
874 857 962 928 quoe
980 843 1014 910 iu
1035 849 1165 930 promtu

70 963 174 1027 esseut
206 951 390 1046 exemplis,
425 952 632 1040 delegissem
664 956 871 1046 oeriissimu,
911 957 1067 1046 equidem
1100 959 1167 1032 lroe

69 1077 166 1163 ipsum
198 1073 361 1164 profiteor
393 1077 428 1142 et
459 1071 541 1158 prus
573 1087 627 1140 me
660 1069 732 1141 lero
766 1065 854 1162 (ueo
885 1071 1084 1146 dubiiohuui
1108 1081 1165 1165 qui

68 1195 98 1262 in
113 1193 206 1262 simili
220 1193 366 1279 negotio
380 1189 504 1260 versuti
519 1171 661 1277 luerint]
675 1205 729 1258 me
745 1185 842 1276 pluru
856 1194 1052 1278 reposuisse
1065 1213 1165 1284 quom

70 1311 293 1398 proposuisse.
313 1305 381 1376 Sed
398 1306 534 1376 omniuo
550 1307 630 1374 oerii
642 1307 928 1394 ineeriiqueurelo
936 1310 1166 1383 oeuliuiosuut

69 1427 165 1497 stolio
180 1425 273 1516 opud
289 1425 378 1495 ulios
393 1423 591 1493 aestimatio.
609 1421 728 1511 Neque
743 1425 859 1495 inutile
868 1424 956 1497 duoo
964 1445 1053 1518 quoe
1063 1435 1164 1500 leue-

69 1543 193 1614 brlooso
219 1541 360 1634 quidem
387 1539 451 1611 sed
470 1545 580 1610 tomen
606 1558 676 1610 nou
699 1557 838 1628 prorsus
864 1541 1078 1631 desperando
1110 1551 1166 1618 vi-

69 1659 216 1753 deantur,
254 1659 451 1748 legeoiibus
483 1656 528 1727 od
561 1656 841 1728 oousiderondom
866 1677 1053 1750 proponere
1080 1667 1167 1738 sieut

70 1778 216 1868 Aegyptii
243 1782 408 1864 aegrotos
434 1793 517 1845 suos
542 1778 788 1862 propterviam
814 1777 983 1850 oolloeure
1010 1781 1167 1856 solebant

68 1899 100 1963 ul
122 1899 358 1986 uuusquisque
383 1896 673 1985 praetereuntium,
699 1895 729 1962 si
755 1892 836 1982 quid
862 1894 1005 1966 salubris
1033 1903 1165 1974 eousiiii

69 2010 207 2104 luberet,
233 2016 271 2082 im
297 2009 442 2082 medium
468 2010 619 2082 eoolerre
644 2015 774 2098 posset.
824 2009 945 2080 Verum
964 2013 1047 2084 illud
1062 2019 1164 2090 mulio

69 2131 167 2216 magis
198 2131 306 2200 timeo
339 2147 400 2220 ue,
433 2145 522 2216 quoe
554 2129 588 2198 iu
614 2129 787 2214 prooemio
812 2125 1025 2215 Auiiplrrosis
1051 2142 1167 2209 oouiru

69 2251 244 2335 elymormo
270 2250 450 2316 veuolores
477 2246 607 2336 seripsi,
633 2250 750 2316 oouiro
775 2260 829 2312 me
854 2246 1033 2332 scripsisse
1060 2269 1164 2340 repe-

70 2365 134 2433 rior.
181 2364 269 2434 Num
296 2364 354 2432 illo
379 2379 539 2450 germano
565 2367 600 2430 ei
623 2363 749 2432 numiui
774 2378 838 2430 suo
865 2379 1056 2450 oougrueos
1078 2369 1165 2462 lily.

70 2480 209 2570 orologio
234 2482 355 2570 prooul
380 2479 423 2550 ob
451 2479 559 2549 oeulis
584 2481 709 2550 uostris
729 2481 765 2548 iu
789 2478 1095 2568 Empyreo‘hubiloi
1108 2489 1165 2562 uhi

69 2596 277 2690 Aulosoplrio
309 2603 344 2667 et
373 2595 680 2683 Auiogrommoiioo
712 2603 746 2667 el
776 2603 918 2682 ceterae,
946 2602 1060 2672 muudi
1084 2605 1165 2692 plo-

72 2717 164 2786 louioi
189 2716 345 2804 iuoolue;
375 2731 440 2785 nos
474 2719 585 2783 aulem
617 2716 805 2802 lorrigeuue
839 2716 975 2787 umbros
1000 2721 1166 2809 quosdam

71 2831 138 2915 ejus
169 2838 408 2904 eouseolemur
438 2837 474 2901 ei
503 2831 681 2902 simuloere
713 2832 911 2924 sublustris,
945 2853 1033 2923 quoe
1064 2841 1166 2912 uobis

71 2950 101 3018 iu
131 2968 239 3020 rerum
272 2950 556 3038 grammaticorum
590 2952 787 3020 truoiuiioue
820 2957 996 3022 ooourruul
1027 2972 1166 3046 quoquo

72 3066 220 3136 euuiilrus
247 3073 284 3136 ei
307 3067 460 3156 quumvis
493 3065 614 3134 obnixe
649 3067 786 3155 repulso
816 3071 931 3134 lumen
960 3087 1074 3160 mpure
1104 3093 1167 3141 re-

71 3181 203 3273 uilooip
229 3179 275 3254 de
299 3183 352 3252 his
381 3185 468 3253 euim
495 3185 759 3271 quoesliumoulis
784 3185 875 3254 valet
899 3184 993 3275 quod
1018 3187 1061 3259 do
1087 3209 1166 3262 mu-

71 3297 201 3372 lieribus
229 3299 311 3370 dixit
334 3307 437 3389 poelu
462 3303 627 3394 oomious,
654 3319 765 3392 oeque
792 3319 866 3372 eum
892 3305 933 3372 iis
959 3306 1042 3374 solis
1067 3325 1166 3378 eom·

73 3417 165 3488 mode
190 3437 304 3506 neque
331 3422 403 3489 siue
428 3421 470 3488 iis
496 3419 566 3490 ullo
592 3419 694 3490 modo
720 3423 783 3489 viui
797 3439 911 3512 posse.
961 3420 1079 3512 lioquo
1099 3444 1165 3514 ogo

74 3551 202 3624 quoquo
230 3553 334 3623 suepe
365 3536 420 3605 vel
451 3537 573 3606 invitus
608 3543 641 3606 ei
670 3539 808 3625 iugrolis
842 3557 885 3608 eo
918 3539 1058 3610 edusius
1092 3560 1165 3612 sum

74 3657 107 3720 ui
128 3652 367 3724 vocabulorum
399 3654 548 3740 origines
581 3653 713 3724 obditos
746 3657 937 3741 ooujeoiuru
970 3674 1165 3746 quaererem

76 3771 195 3840 euulior
226 3767 371 3839 fortusse
398 3769 541 3860 Crulylis
573 3775 707 3864 nostris,
735 3792 874 3863 quorum
900 3775 1082 3845 euriosiieii
1108 3780 1165 3846 ni-

76 3883 117 3953 hil
141 3885 309 3978 oleosum,
335 3885 632 3975 nihil'impervium
659 3895 721 3983 esi,
748 3889 810 3961 sed
837 3895 957 3963 erroris
984 3891 1074 3962 houd
1099 3895 1165 3962 im-

76 4005 192 4096 munis;
225 4023 302 4074 noro
333 4006 369 4073 iu
387 3999 586 4092 ‘hujusmodi
618 4011 756 4094 negotio
775 3997 893 4075 ‘eliam
932 4012 993 4100 qui
1030 4011 1168 4077 cavisse

77 4123 196 4189 roto’oi
226 4141 333 4210 saepe
362 4127 486 4191 eoulor
521 4127 646 4211 euplus
681 4127 743 4191 eei.
794 4126 829 4194 Si
856 4145 923 4215 quo
948 4134 1059 4197 lumen
1086 4145 1167 4217 spes
