2772 4992
219 287 293 358 8⁰8
568 285 894 355 dissuasorio
922 285 985 353 tri.

224 455 321 520 iertur
341 457 490 536 orytono.
537 451 621 520 idern
647 470 723 519 raro
745 452 829 538 quod
848 452 888 519 de
909 467 1051 518 eonsonu
1071 451 1220 535 eineder,
1246 451 1326 516 raim

223 555 316 620 adam
338 551 376 618 de
397 551 512 635 dupiiei
533 559 568 616 ut
590 547 761 631 edocens,
792 567 894 634 aquo
916 553 1041 618 abemat
1061 545 1207 628 monade
1227 551 1327 632 Annii

221 649 259 718 li.
281 647 353 718 053.
377 655 408 716 et
435 647 518 734 quod
538 649 622 716 addit
642 646 665 735 ἢ
684 647 850 733 σύμφωνα,
871 650 902 715 id
915 650 954 715 de
975 653 1125 714 oonsonis
1146 651 1179 713 in
1201 650 1328 731 synopsi

224 750 338 834 positis
359 747 570 830 accipiendum
592 765 665 814 esse
681 749 816 814 ostendit
831 749 1004 830 subjeetum
1018 749 1146 829 regulae
1158 749 1330 830 exemptum

226 845 400 932 Λάβδακος.
428 845 473 912 De
495 845 625 912 diastasi
647 853 731 912 taoet
752 847 808 912 sed
829 849 927 912 vieeur
949 848 1053 929 expiet
1074 847 1179 912 Seirai.
1201 847 1236 912 IL
1254 847 1328 910 Xiii.

225 945 295 1014 750.
321 939 360 1010 τὰ
381 943 423 1021 εἰς
443 931 520 1022 oio-s
539 941 727 1030 τρισύλλαβα
745 941 804 1030 τὴν
831 939 958 1028 πρώτην
977 941 1135 1028 domitio
1155 945 1200 1019 εἰς
1220 939 1331 1026 ἀμπά-

225 1049 321 1132 βῡλῠν
341 1041 499 1130 ttyoveao
519 1041 628 1128 ἕποντα
647 1037 929 1128 προπαροξύνεται,
948 1040 1131 1126 Λάμψακος,
1148 1038 1330 1120 εῬύνῠεοιος

227 1141 330 1221 οὕτως
350 1135 410 1210 οὖν
421 1139 582 1224 “tuamen
605 1143 687 1226 qrrod
705 1152 753 1209 est
772 1145 877 1208 herois
888 1159 1001 1208 nomen
1015 1143 1158 1224 dpoiiod.
1175 1145 1229 1208 iii.
1244 1143 1293 1225 12Ἰ
1305 1143 1331 1206 5.

228 1250 258 1310 et
279 1243 365 1308 urbis
387 1243 528 1308 Creticae
549 1243 654 1324 Steph.
676 1241 732 1308 sed
753 1243 813 1306 hoo
833 1239 904 1306 iooo
923 1249 1092 1322 armenon,
1114 1242 1288 1324 eademque
1305 1242 1333 1304 iu

228 1343 296 1408 aliis
319 1343 455 1406 oeruitur
474 1341 694 1406 inconstantia.
722 1340 869 1420 Regulum
892 1337 1257 1424 sequunturiiudomws
1276 1357 1334 1404 no-

229 1457 298 1508 men
327 1437 448 1504 custeiii
475 1437 583 1519 Polyb.
604 1439 653 1505 iv.
673 1437 724 1504 63.
761 1434 931 1518 Πύόρωιος
959 1435 1042 1522 ἣρως
1067 1441 1140 1505 iias.
1169 1435 1335 1512 Σὲνὸωως

228 1537 373 1622 Apollod.
402 1537 452 1604 iii.
475 1535 524 1619 ld,
545 1535 574 1601 3.
612 1531 802 1619 &dotem
827 1539 897 1604 don.
919 1537 967 1602 VI.
989 1537 1058 1602 2¹12.
1077 1539 1110 1603 it'.
1139 1545 1169 1602 et
1200 1541 1335 1621 saepius

231 1637 287 1704 sed
312 1636 392 1702 idem
422 1641 530 1700 eontra
551 1635 688 1716 reguiam
709 1637 830 1700 aeuitur
849 1635 938 1702 Diod.
961 1635 1035 1701 XVI.
1056 1637 1105 1702 31.
1134 1643 1169 1699 ut
1187 1629 1336 1710 Ἅννακός

230 1736 337 1820 (nied.
355 1730 498 1817 Ἀνακός)
529 1735 635 1818 steph.
657 1752 683 1802 s.
701 1729 834 1800 Ἰκόνιον
854 1737 906 1817 qui
928 1752 947 1799 a
969 1734 1064 1800 suida
1085 1730 1260 1810 Νάννακος
1280 1753 1336 1798 ro·

231 1843 318 1902 eatur
339 1853 366 1902 v.
390 1831 611 1901 Schneidewin.
634 1833 673 1898 ad
695 1834 810 1900 zenoit.
833 1836 869 1899 ii.
894 1834 965 1901 10.²
985 1835 1172 1915 gentiiieium
1196 1827 1338 1916 Ἀρτακοί

232 1935 338 2018 Steph.
358 1935 520 2017 ipsumque
535 1925 706 2008 Ῥυνᾶωιὸς
725 1949 788 1997 non
810 1935 918 2015 paneis
942 1933 1021 1997 loeis
1042 1951 1070 1996 r.
1091 1932 1281 1997 meinana.
1303 1931 1338 1996 ad

230 2035 303 2116 imo.
327 2033 414 2099 1365.
436 2039 467 2096 et
488 2029 638 2113 probatur
659 2032 737 2097 adeo
759 2049 778 2097 a
801 2032 903 2097 Seiroi.
925 2031 1027 2112 Apuli.
1041 2032 1063 2096 i.
1080 2031 1168 2096 1135.
1201 2033 1261 2097 iiia
1283 2049 1338 2096 an-

232 2141 292 2199 tern
315 2131 352 2196 de
379 2131 557 2196 immutabili
579 2131 758 2212 praeceptio
779 2131 929 2212 signifieat
952 2130 1174 2195 Grammaticos
1197 2131 1236 2195 de
1261 2148 1338 2196 oon-

232 2231 327 2297 truriu
350 2245 473 2313 quoque
494 2245 607 2310 genere
629 2228 836 2314 admonuisse,
858 2229 918 2293 troo
940 2234 999 2311 est,
1021 2229 1048 2291 si
1066 2229 1204 2294 secunda
1217 2231 1338 2311 syllaba

233 2345 415 2396 aeonsuna
435 2335 519 2393 muta
542 2327 659 2392 orditur
680 2344 760 2410 quae
785 2325 998 2393 antecedentis
1019 2331 1156 2393 extrema
1184 2335 1252 2412 est,
1281 2345 1338 2410 po·

233 2435 378 2495 stremam
400 2427 469 2491 aeui
479 2427 627 2508 iussisse.
659 2425 692 2492 id
706 2428 786 2491 enim
802 2427 905 2508 posoit
919 2441 1032 2489 nomeu
1046 2427 1242 2492 notissimum
1263 2431 1338 2490 iitr-

232 2521 334 2602 τακός,
357 2529 446 2606 ouius
468 2526 582 2590 mentio
604 2525 644 2590 ab
665 2527 727 2592 iilis
748 2526 949 2609 praetennitti
969 2541 1033 2589 uon
1054 2527 1164 2608 poturit,
1185 2533 1219 2589 et
1237 2529 1338 2590 minus

233 2631 339 2689 notum
359 2617 507 2699 Ἱππακός
532 2625 624 2690 Antis.
651 2625 713 2690 iiii.
740 2625 810 2690 251.
837 2641 857 2688 a
884 2624 995 2706 quibus
1022 2623 1153 2688 desoivit
1181 2619 1338 2696 Βύτταως

233 2721 341 2804 rotun.
361 2721 396 2787 ii.
418 2721 466 2788 te.
508 2721 597 2787 Nune
618 2723 779 2787 redeamus
801 2722 841 2788 ad
861 2721 1040 2802 Arcadium,
1069 2723 1121 2803 qrri
1149 2739 1188 2786 en
1209 2739 1336 2788 numero

233 2821 456 2902 berytouorum
477 2822 536 2886 tria
557 2823 711 2906 excerpit,
730 2815 859 2896 ’Λσακὸς
878 2818 931 2886 καὶ
945 2813 1072 2894 :omme
1086 2817 1138 2883 καὶ
1152 2817 1337 2898 metuende,

235 2935 364 3002 qnorum
385 2919 513 3000 primum
535 2918 739 3001 Goettiiugius
761 2937 790 3002 p.
811 2919 880 2986 221.
901 2921 934 2982 in
951 2912 1096 2997 Ἀνακός,
1118 2920 1292 2986 seeundum
1311 2923 1339 2983 iu

239 3011 386 3091 Φυλακός
405 3025 517 3101 mutat,
545 3019 636 3083 tertio
664 3018 840 3084 dubitanter
867 3019 996 3100 apponit
1022 3018 1149 3082 latinum
1180 3019 1338 3100 cetqaeos

235 3117 344 3182 neseio
372 3115 452 3180 unde
480 3123 621 3182 sumtum.
669 3117 767 3194 Quum
794 3135 870 3182 vero
896 3111 1030 3191 Ἀνακος
1061 3126 1339 3199 proparouytoueu

236 3217 278 3282 sit
298 3214 388 3280 nutu.
415 3216 495 3296 App.
516 3229 546 3279 n.
561 3213 628 3281 116.
651 3231 712 3297 quo
737 3223 868 3280 aooentu
889 3214 1085 3296 distinguitur
1098 3216 1137 3280 ab
1151 3217 1337 3296 uppeiiatiuo

237 3307 368 3392 dometio,
404 3314 546 3394 praeiere
573 3306 719 3388 Ἀστωιός
746 3313 859 3379 Aeson.
887 3315 973 3395 Sept.
995 3314 1066 3378 403.
1097 3315 1163 3378 sire
1188 3307 1339 3388 Ὀστακός

236 3411 402 3478 Herodi.
424 3411 473 3477 dt.
494 3411 551 3474 viri
572 3428 685 3477 nomen
704 3412 846 3494 idemque
864 3414 950 3478 urbis
971 3412 1009 3476 ab
1025 3430 1063 3477 eo
1082 3412 1236 3496 conditae,
1259 3413 1338 3496 quod

236 3513 284 3578 sio
304 3511 453 3591 seriptum
473 3517 522 3574 est
542 3511 575 3574 iu
595 3511 737 3575 omnibus
754 3510 841 3576 libris
855 3511 1006 3576 strumii
1019 3510 1091 3576 459.
1113 3511 1207 3574 'itane
1222 3513 1260 3578 iL
1275 3513 1337 3580 102.

237 3608 293 3675 sed
310 3610 377 3692 pari
399 3625 556 3674 oonseusu
576 3615 854 3691 proparonytonun
867 3611 902 3676 ii.
916 3609 966 3676 30.
983 3618 1013 3674 et
1025 3609 1074 3674 32.
1093 3616 1227 3692 utroque
1247 3612 1337 3676 modo

235 3711 268 3774 in
289 3707 377 3773 oodd.
397 3705 489 3771 Paus.
511 3707 546 3772 V.
569 3707 616 3790 12,
639 3709 667 3774 5.
702 3711 749 3773 Ao
770 3705 916 3784 Φύλακος
928 3724 1051 3792 quoque
1064 3715 1211 3790 gravatur
1225 3727 1339 3775 seeun-

236 3807 306 3872 dum
319 3805 486 3871 iierodiani
502 3805 665 3888 placitum3
691 3824 786 3890 quare
807 3825 864 3892 pro
882 3801 1011 3884 Ἀἰακός
1030 3809 1080 3873 rel
1097 3801 1248 3884 Ἄννακός
1267 3807 1338 3874 iliud

301 4042 331 4108 2]
349 4041 423 4100 Idem
440 4048 481 4101 est
494 4041 638 4103 Ἀνιακκάς
656 4042 728 4114 ᾠδῆς
744 4045 833 4115 ὄνομα
853 4044 914 4112 (ὡς)
932 4043 947 4099 ὃ
963 4045 1126 4116 Περιμανῶς
1141 4046 1190 4100 zoi
1208 4049 1338 4117 Μανέρως

233 4125 298 4180 Suid
316 4141 341 4181 r.
358 4126 473 4186 Meinek.
492 4127 548 4184 Vei.
566 4127 614 4184 lii.
633 4129 691 4187 503.
