2750 4994
51 261 110 327 DE
135 260 455 328 AFFECTIONIBUS
476 259 613 330 Nouum.
634 262 675 328 IN
696 247 737 326 a]
754 261 843 328 ETC.
879 263 913 328 C.
930 264 979 331 vl.
1001 274 1030 341 ς.
1044 267 1073 333 3.
1114 269 1172 339 151

47 435 183 511 param,
204 427 252 490 illi
273 426 384 506 brevo3
420 442 481 508 quo
503 425 603 492 differt
623 443 643 490 a
663 428 760 496 maia.
801 427 848 492 De
876 427 957 495 talus
987 435 1018 496 ct
1046 431 1171 499 taxillus

45 529 105 609 qui
138 527 320 608 disceptant
346 521 554 606 etymologiae
578 526 693 609 ignari,
722 541 848 607 oporam
868 525 985 593 ludunt.
1022 527 1088 594 ¹Sed
1109 546 1171 610 pu·-

43 625 152 690 xillus
173 624 362 707 gutturalem
380 641 400 687 a
420 623 516 688 uerbo
538 623 629 704 pacio
647 621 742 705 (pago
762 619 914 708 πήμιυμι)
936 625 1051 693 habero
1072 643 1170 712 propo

43 735 177 790 certum
207 723 346 803 videtum
379 726 412 786 et
438 720 570 786 indidem
590 722 679 804 palus
702 729 801 788 ortum
822 717 944 791 exenta
966 725 1115 806 gutturali
1135 731 1169 801 at

44 843 66 889 a
89 826 190 888 vicus
214 815 324 905 (οἶκος)
346 820 437 903 villa,
466 820 734 902 perempertus,
762 838 825 888 non
846 840 865 886 a
886 818 1005 906 prinae
1025 823 1109 905 quod
1128 840 1169 901 ne

44 923 162 1004 palum
184 921 309 1003 quidem
322 919 484 1000 significat.
524 919 631 984 velum
653 926 684 982 ct
704 920 849 989 veruna
871 923 1003 990 forsitan
1023 939 1043 986 a
1064 921 1168 988 diuer-

45 1023 97 1085 sis
124 1021 267 1086 tontibus
288 1023 424 1100 manunt,
444 1033 537 1085 unum
557 1017 598 1082 ab
617 1013 659 1082 ἕω
681 1017 762 1082 unde
782 1011 867 1103 ripa,
897 1021 1027 1100 altorum
1047 1038 1066 1087 a
1086 1019 1166 1096 ucho

46 1128 83 1182 ut
108 1137 220 1200 vcx03
254 1119 303 1184 sin
324 1119 430 1200 alitor,
452 1122 537 1180 certo
557 1117 687 1197 propior
708 1123 757 1183 cst
778 1120 917 1186 concisio
939 1137 1032 1202 quam
1049 1136 1166 1200 parem

44 1218 165 1301 thesis,
192 1221 281 1297 cujus
301 1216 401 1282 adhuc
421 1215 561 1280 locorum
581 1213 695 1278 nullum
717 1223 834 1280 certum
846 1217 977 1296 uidimus
994 1217 1164 1291 documen-

45 1323 128 1399 tum,
150 1333 255 1396 nequo
277 1315 387 1379 Cicero
409 1331 506 1380 nosse
526 1311 646 1378 videtur
664 1329 755 1394 quum
771 1312 809 1380 dc
821 1315 903 1396 supa
915 1319 1070 1382 vastioris
1086 1319 1163 1399 titc7

46 1433 114 1480 rae
140 1415 290 1495 loquitur.
341 1414 494 1495 Duorum,
521 1428 601 1492 quaa
629 1411 768 1494 Scaliger
797 1413 951 1499 adjungit,
981 1432 1073 1490 unum
1100 1433 1162 1485 uno

46 1519 183 1578 constat
196 1512 280 1578 Festi
293 1512 471 1578 testimonio
492 1511 617 1576 accim
632 1511 699 1574 alic
715 1528 830 1594 porca,
853 1511 937 1594 quod
956 1515 1003 1578 sic
1019 1517 1162 1592 excusari

46 1617 179 1694 potest,
206 1611 246 1676 al)
275 1627 351 1674 orca
377 1605 469 1692 (ὕρχη
490 1615 597 1686 orcus)
626 1609 738 1674 extrito
760 1611 816 1674 rho
840 1613 953 1676 lactum
974 1631 1047 1678 esse
1069 1614 1161 1696 ocilla

45 1712 118 1775 sive
142 1709 270 1792 auxillo,
291 1715 325 1772 ut
346 1726 366 1772 a
386 1725 503 1790 paucus
531 1706 702 1788 pauxillus5
739 1709 867 1774 alterum
890 1713 1034 1779 testatius
1058 1721 1109 1780 est
1128 1721 1160 1780 ct

47 1809 207 1874 difficilius
236 1807 386 1889 quasiltus
414 1807 481 1872 siro
508 1804 682 1886 quasillum.
730 1807 794 1870 Viri
822 1807 908 1873 docti
933 1827 998 1874 rom
1023 1810 1159 1881 breviter

47 1907 198 1972 decidunt
221 1907 336 1989 pocius
359 1922 376 1968 c
397 1905 564 1986 pussillos.
593 1903 655 1969 Sed
675 1904 705 1968 si
725 1907 794 1986 quis
812 1907 896 1972 Festi
916 1909 1055 1990 glossam
1077 1905 1158 1976 couss

48 2006 237 2072 sidcravem't
262 2003 417 2085 Gooiscrc
444 2004 559 2074 molior
587 2020 671 2085 poca
698 2003 766 2084 seat
786 2021 924 2070 canaam
945 2007 980 2072 id
1000 2012 1050 2074 cot
1070 2026 1156 2094 qao-

49 2107 117 2170 tum
139 2104 228 2188 qood
249 2107 299 2168 est
320 2106 422 2166 cistae
448 2119 565 2184 penas,
596 2119 615 2166 a
637 2101 762 2167 Graecis
784 2099 882 2168 cavoa
904 2104 1033 2189 dictum,
1060 2105 1156 2172 latine

49 2206 222 2268 canistrum
250 2208 282 2266 ot
302 2202 413 2283 canipa
433 2218 452 2264 a
475 2217 574 2264 canna
594 2202 663 2266 sino
684 2201 794 2280 dubi03
827 2207 858 2265 ot
879 2201 918 2266 atl
938 2203 1015 2268 haec
1035 2205 1065 2268 si
1084 2221 1155 2270 me-

48 2305 173 2367 minerit
192 2301 353 2382 virgiliani
372 2302 477 2382 spisso
498 2303 615 2366 cimino
636 2301 751 2384 pactos
772 2300 915 2383 coloque,
938 2318 999 2383 quo
1021 2292 1171 2384 utroquo

48 2405 173 2468 nomino
200 2400 410 2482 significantur
435 2415 514 2462 uasa
544 2400 651 2464 cannis
676 2399 817 2480 juncisue
840 2407 1001 2484 contexta,
1030 2402 1152 2472 corbes,

50 2503 172 2584 calathi,
193 2505 322 2581 sportae
344 2499 496 2562 laecanae
511 2515 685 2581 massaeque
701 2497 866 2580 (κυρτίὸες)
879 2499 927 2562 luis
940 2501 1040 2583 igitur
1050 2503 1151 2565 omni-

49 2601 106 2666 bus
133 2599 300 2682 perpensis
322 2597 382 2662 sibi
403 2614 586 2678 persuasum
607 2596 747 2680 habebit,
776 2597 885 2678 qualus
907 2605 939 2664 et
960 2600 1061 2665 colum
1083 2601 1151 2681 pri-

49 2701 152 2763 mitiva
179 2713 269 2778 csse,
297 2693 459 2776 quasillum
492 2697 559 2760 sivo
587 2701 620 2759 ut
642 2714 690 2778 ap.
719 2695 909 2761 Priscianum
931 2697 1075 2764 scribitur
1097 2700 1147 2764 ill.

52 2797 98 2881 lt,
120 2796 190 2863 138.
218 2793 384 2877 quausslum
413 2810 537 2875 quoquc
566 2793 658 2858 modo
686 2795 909 2876 amplificatum.
951 2797 1089 2862 Alterura
1109 2798 1148 2870 ab

53 2896 190 2961 omnibus
219 2894 273 2975 qui
299 2892 380 2955 hunc
406 2891 508 2958 locum
531 2900 701 2958 tractamnt
727 2896 925 2974 praeteritum
952 2894 1032 2960 idom
1061 2897 1148 2960 allent

49 2996 156 3060 Festus
178 2993 268 3059 Totas
290 2995 396 3055 tumor
416 2991 561 3073 faucium
582 3009 665 3074 quac
681 3007 742 3072 por
764 2992 1011 3058 deminutionem
1032 2994 1151 3058 dicam

52 3097 100 3158 tor
127 3093 278 3158 tonsillae
306 3095 336 3154 ct
359 3088 467 3154 Isidor.
489 3091 539 3158 Xl.
562 3092 590 3174 1,
610 3091 660 3156 57.
689 3091 772 3155 tales
793 3093 903 3171 tiopao
922 3093 1041 3172 patrica
1063 3110 1145 3176 quas

51 3195 138 3274 culpo
162 3208 223 3273 por
250 3191 498 3256 deminutionem
520 3191 660 3256 tosillas.
698 3188 776 3253 Nam
797 3189 888 3269 hujus
910 3207 1034 3272 quoquo
1057 3194 1144 3273 origo

51 3307 157 3372 graeca
169 3290 291 3355 ridetur
311 3284 389 3372 πύλη
410 3294 519 3353 tumor.
