2770 4992
231 1309 289 1376 ne
320 1305 519 1374 κοκικιοκι
552 1309 590 1374 tn
617 1343 662 1356 -
688 1285 737 1375 ἀῖ
765 1343 809 1357 -
837 1309 999 1397 reflexo.

148 1559 180 1628 ς.
205 1551 234 1617 1.
276 1552 360 1616 inter
379 1553 466 1615 vario
486 1551 736 1633 pleonasmornm
756 1567 886 1636 genera,
906 1569 986 1634 quaa
1007 1553 1167 1622 Gramma-

8 1662 14 1723 !
67 1650 113 1714 titi
133 1656 281 1735 tractant,
301 1667 366 1714 non
387 1651 524 1715 ultimum
545 1650 647 1716 loonm
670 1652 810 1716 obtinent
829 1652 968 1732 syllabae
990 1655 1166 1734 epentheti-

8 1728 13 1873 ἰ
66 1765 126 1912 ii
148 1749 459 1913 iii¹¹itti¹¹³⁶t
476 1767 495 1813 ³
510 1751 608 1912 λλ
622 1749 1167 1916 iiiior-‘iamiam

7 1875 12 1905 t
126 1866 145 1912 a
248 1869 254 1876 ·
372 1867 444 1914 ses
615 1867 634 1912 u
993 1868 1008 1913 s
1085 1871 1095 1915 r
1132 1870 1165 1916 or

66 1948 189 2029 stirpem
213 1953 243 2011 et
264 1867 520 2030 terminationem}
541 1954 574 2011 nt
590 1867 635 2011 44Ιί
653 1949 825 2030 opinantur,
845 1948 1027 2027 interjeotis.
1057 1901 1165 2016 'Orion

6 2082 10 2091 ·
65 2063 90 2125 p.
109 2046 161 2129 48,
181 2046 212 2112 8.
234 2045 303 2121 δαίς
324 2082 364 2092 -
384 2041 506 2120 δαιτεύς
526 2042 578 2109 καλ
594 2046 779 2132 πλεονασμῷ
796 2046 852 2128 τῆς
864 2031 910 2110 αλ
924 2048 1077 2132 συλλαβῆς
1091 2048 1163 2112 δαι-

64 2139 175 2218 ταλεύς.
205 2145 271 2210 ΕΜ.
293 2144 363 2229 769,
384 2145 433 2210 25.
453 2138 538 2230 παρὰ
557 2140 595 2209 τὸ
613 2140 718 2228 τρέφω
738 2145 844 2228 sesols
862 2143 915 2210 καλ
934 2147 1034 2231 τροπῇ
1054 2149 1164 2232 τηοφλς

64 2241 113 2306 καλ
125 2244 311 2330 πλωνασμῷ
320 2243 475 2326 τροφαλλς.
518 2244 614 2321 ουτοι
635 2245 847 2326 pleonasmum
861 2263 917 2327 per
931 2263 1051 2312 omnem
1067 2265 1164 2312 οσσο-

4 2364 13 2531 '
64 2344 181 2407 sionem
209 2343 369 2425 ingerunt,
396 2359 460 2405 non
488 2342 588 2407 solum
613 2344 769 2409 nominum
796 2344 1046 2425 explicandorum
1068 2364 1164 2413 eausa

64 2441 117 2506 sod
138 2448 169 2506 et
191 2441 373 2521 verborom3
395 2436 738 2525 montemarano
759 2445 888 2524 reontio
903 2441 956 2508 καλ
969 2441 1163 2511 πλεονάσαν-

2 2536 13 2635 )
63 2562 113 2615 τος
130 2542 190 2604 τοῦ
210 2527 255 2604 αἶ
269 2540 438 2621 τοοπαλίζιι
453 2533 497 2615 ὡς
515 2535 634 2623 πύκτης
653 2542 840 2622 πυκταλίζω,
870 2545 920 2607 oui
942 2545 1045 2611 Sohol.
1065 2548 1102 2612 A.
1124 2547 1163 2612 od

63 2641 94 2705 ii
114 2641 162 2706 IV.
183 2639 254 2706 472.
276 2639 447 2718 σκοπαλλζω
465 2646 633 2721 comparat.
646 2640 826 2706 Eustnthius
842 2641 912 2727 6⁵12,
929 2643 957 2707 4.
978 2646 1036 2708 τοῦ
1053 2639 1163 2729 Ἐρευ-

63 2743 180 2805 θαλίων
199 2733 400 2826 πρωτόθετον
418 2734 456 2803 τὸ
472 2732 656 2820 'lietwino‘
689 2733 710 2821 ἡ
730 2734 764 2803 δὲ
784 2727 823 2804 αἶ.
842 2737 978 2826 συλλαβὴ
999 2738 1162 2810 ἐπλεόνασε

0 2903 1 2938 ,
64 2833 112 2902 σιὰ
129 2837 268 2924 λειότητα
288 2839 398 2923 φωνῆς
417 2835 492 2920 ὅπερ
511 2834 546 2902 ἐν
567 2841 634 2912 τοῖς
653 2831 786 2920 ὀνόμασι
811 2842 927 2923 γίνεται
946 2846 1011 2917 τοῖς
1031 2836 1084 2906 διὰ
1103 2845 1162 2907 τοῦ

65 2932 148 3019 offo
159 2938 215 3007 καὶ
228 2936 262 3004 ἐν
274 2939 318 3026 τῷ
330 2934 438 3022 μάσσω
451 2933 608 3022 μκλιὶσσω,
626 2933 725 3016 στάζω
735 2935 906 3018 σταλάσσω,
923 2943 1034 3021 quibos
1048 2960 1077 3023 p.
1089 2941 1159 3021 527,

65 3043 111 3109 15.
131 3040 216 3107 addit
235 3034 345 3103 πάσσω
365 3033 528 3117 παλάσσω,
556 3037 719 3120 ploraque,
743 3044 818 3120 puto
841 3057 880 3104 ox
900 3040 1060 3104 Philoxeni
1080 3041 1161 3105 libro

1 3129 2 3188 Ὗ
66 3141 101 3206 de
122 3141 332 3224 diplasiasmo‚
353 3155 442 3218 quem
463 3139 496 3201 in
516 3137 575 3200 irao
596 3154 692 3200 eausa
713 3137 810 3202 Orion
831 3141 957 3219 saepius
981 3145 1090 3202 testem
1112 3141 1162 3203 fa-

66 3240 121 3322 oit;
146 3233 232 3321 παηὰ
254 3231 291 3300 τὸ
310 3236 404 3311 ελκιος
423 3231 547 3310 ἐνελκιος
564 3231 617 3299 καὶ
634 3232 726 3318 χωρὶς
744 3239 801 3302 τοῦ
816 3242 834 3302 ἒ
848 3237 901 3302 καὶ
911 3237 1091 3320 προςλοντος
1103 3238 1163 3301 τοῦ

1 3334 2 3359 ’
67 3325 106 3402 ᾖ
120 3337 172 3404 καὶ
191 3333 419 3410 πλεονάσαντος
438 3335 496 3399 τοῦ
515 3339 539 3416 ηῖ
559 3329 729 3416 ottones
747 3354 776 3418 p.
790 3336 839 3402 63.
860 3331 945 3416 παρὰ
965 3330 1001 3401 τὸ
1016 3329 1097 3411 εἶδος
1115 3336 1161 3400 εἴ·

67 3437 148 3520 ὄιμος
167 3432 211 3513 ὥς
229 3433 327 3520 πεύκη
347 3431 508 3516 πεύκιμος,
528 3433 625 3509 κῦδος
644 3430 783 3517 κύδιμος,
803 3432 857 3499 καὶ
874 3438 1056 3523 πλεονασμῷ
1075 3431 1161 3500 εἰδαλ-

67 3538 161 3618 λιμος,
182 3531 384 3617 πενκάλιμος,
411 3528 579 3616 κυδάλιμος
599 3551 627 3614 p.
649 3532 698 3598 62.
720 3535 852 3615 repetito
873 3536 912 3599 ab
932 3536 998 3600 EM.
1018 3535 1090 3620 465,
1111 3535 1160 3600 20.

67 3635 146 3702 Enst.
170 3634 260 3718 1006,
280 3634 329 3699 35.
351 3634 461 3698 Zonar.
482 3651 511 3714 p.
525 3632 595 3699 613.
617 3633 728 3713 quibus
743 3633 873 3698 similem
888 3635 1071 3700 sententiam
1083 3651 1161 3715 pro-

69 3735 123 3797 iert
147 3734 185 3800 do
213 3729 326 3808 λκαλος
347 3733 420 3816 (sie)
450 3752 478 3814 p.
500 3731 550 3815 24,
573 3731 619 3797 10.
650 3729 705 3795 sed
728 3731 844 3796 omisso
872 3732 941 3816 iibri
970 3739 1001 3797 et
1023 3734 1159 3796 auctoris

71 3835 195 3918 nomino,
222 3833 306 3916 quod
326 3832 462 3897 servarit
481 3831 580 3911 Etym
603 3827 677 3895 Gari
697 3829 748 3914 24,
767 3831 838 3896 341
879 3831 990 3895 Varum
1011 3831 1160 3914 syllabam

68 3975 352 3992 w

131 4055 157 4123 1)
181 4056 230 4110 Hic
256 4061 284 4112 ei
309 4070 350 4125 ap.
375 4055 463 4110 Orion.
487 4054 529 4120 62,
546 4053 588 4110 22.
615 4051 719 4107 additur
735 4049 817 4104 πάλιν
837 4049 1035 4107 πλεονάσαντος
1053 4050 1099 4101 τοῦ
1113 4036 1158 4110 αλ,

72 4139 199 4195 continuae
217 4141 376 4197 tractationis
394 4139 527 4194 indicium.
604 4175 605 4178 ,
