2770 4992
211 263 267 328 on
293 262 429 328 uouru.
450 263 491 330 ru
512 248 551 328 a‘r
571 261 832 330 uxuunrrnus
867 264 899 328 u.
917 264 938 326 r.
962 271 991 338 ς.
1005 264 1034 328 o.
1116 266 1182 334 roo

70 423 134 496 οἷον
158 424 328 503 menalios
354 423 373 492 ὃ
398 429 470 496 λίαν
497 422 695 510 φοβούμενος
724 423 779 492 καὶ
803 423 959 509 διψαλέος
984 422 1110 509 ὁμοίως
1126 429 1181 497 ’καὶ

69 523 227 611 γηραλέος·
265 524 350 592 οὕτω
377 525 428 592 καὶ
455 530 614 609 μεγαλεῖον
640 521 676 590 τὸ
703 521 861 608 πάμμεγα,
892 527 923 594 it
949 527 998 596 h'ls
1028 529 1176 610 sumplis

68 631 144 692 rullo
165 635 269 710 puoto
289 627 520 709 oonprobatur‚
543 637 672 706 quornm
692 626 840 707 pleraque
856 626 947 694 aliurn
961 629 1100 708 speeiem
1113 646 1177 696 non

66 729 183 796 habent.
238 727 329 802 quae
350 733 452 792 autem
473 725 636 806 dupliciter
656 727 871 807 proteruntur,
905 733 958 794 aut
985 727 1060 792 nihil
1085 727 1180 798 uiue>

64 835 129 890 runt
156 845 176 890 a
204 826 374 908 primitivis
402 830 455 888 aut
482 841 544 888 uon
573 841 611 888 ea
636 825 758 892 ratione
787 832 819 888 ut
840 825 994 891 intensiva
1015 825 1076 894 diei
1093 840 1177 916 poss

66 927 130 993 sint.
171 926 288 1006 Neque
311 923 518 988 confirmatior
547 922 620 986 milri
646 921 766 988 videtur
794 923 975 992 Blomlieldil
999 926 1106 1004 opinio
1134 925 1176 997 al

66 1025 143 1105 Sept.
166 1024 242 1090 229.
267 1017 437 1103 ἁρταλιζω,
463 1021 631 1103 inpellier,
653 1016 856 1100 ἐπροταιιζω
877 1021 972 1090 verba
993 1024 1175 1103 frequenta

67 1121 123 1184 tiva
143 1121 297 1203 neentis,
326 1139 508 1204 quamquam
530 1120 568 1188 de
589 1127 750 1202 postremo
771 1119 996 1202 quodammodo
1019 1124 1185 1210 nauseant

67 1221 163 1286 sohel
184 1222 221 1300 11.Ι
247 1222 297 1286 lll.
319 1221 389 1286 496.
416 1215 688 1302 ἐντροπαλιζομένη
716 1221 924 1300 interpretans
951 1221 1086 1301 συνεχῶς
1101 1216 1173 1290 ,ἐτι-

65 1316 256 1403 apamien
278 1323 377 1401 mama
397 1339 438 1388 ¹au
461 1320 617 1386 sententie
637 1319 699 1385 lool
720 1335 812 1400 quam
834 1333 872 1382 ex
893 1321 1084 1401 proprietate
1107 1327 1173 1390 tarr

64 1421 240 1486 minationis
264 1438 354 1503 quae,
376 1428 409 1485 ul
430 1437 538 1487 omnes
552 1417 752 1483 derivationis
769 1419 895 1501 formae,
916 1419 1171 1498 signifieatlonnnt

66 1519 204 1597 primitivi
227 1521 353 1584 eolorat
375 1516 604 1600 quodammodo
623 1523 655 1580 et
674 1518 904 1597 expressiorem
926 1517 1040 1600 reddit,
1072 1534 1171 1598 neena

67 1622 161 1682 nmen
183 1620 235 1682 sio
258 1625 292 1684 ut
313 1619 408 1684 verba
429 1635 509 1698 quae
530 1618 655 1699 proprie
677 1617 902 1697 frequentativa
915 1623 1075 1698 vocantur.
1103 1618 1172 1686 Aa

67 1723 168 1780 mutus
190 1718 334 1798 regulum
356 1719 403 1798 (ut
424 1717 455 1784 iul
476 1733 599 1798 quoque
621 1715 782 1796 attingam)
804 1715 884 1779 huno
905 1714 998 1780 traua
1018 1715 1170 1785 Arcadius

67 1814 144 1892 pot.
159 1832 246 1895 quae
257 1815 530 1897 antepenultimam
544 1815 667 1894 longam
681 1814 815 1878 habeant
829 1821 1170 1894 proparouptouaesse

65 1906 208 1991 αῶδαλος,
223 1909 390 1992 Ἅρπαλος,
412 1912 524 1992 iguino,
547 1913 700 2002 δαίδαλας,
726 1913 865 1994 exeeptis
887 1911 1008 1979 duobus
1029 1905 1170 1994 ὀμφαλός

67 2017 93 2074 at
116 2009 292 2091 Θεσσαλός,
322 2014 497 2094 pariterque
521 2031 600 2094 quaa
619 2013 761 2094 mevam,
784 2012 813 2074 si
833 2011 894 2075 sint
914 2011 1065 2092 θηιιηιῶν
1085 2005 1170 2078 ἐστι·

66 2104 176 2191 waere
197 2111 256 2178 uel
277 2107 319 2194 μὴ
339 2113 511 2196 περιεκτικῇ
533 2111 668 2199 σημασίηι
688 2105 866 2192 ἐκφέρηται,
890 2109 1007 2187 alalon,
1026 2108 1167 2192 φίηαλος,

66 2205 214 2290 δάμαλοη·
245 2205 283 2274 τὸ
304 2205 337 2274 δὲ
354 2203 469 2286 'Ital-63
489 2204 644 2288 ὀξύνεται·
671 2207 738 2288 [καὶ
757 2204 794 2274 τὸ
813 2204 952 2292 αἰγιαλός
971 2203 1167 2289 πρακτικόν,

74 2301 114 2370 Τὰ
132 2311 259 2394 upupam}
280 2303 437 2388 ὀξύνεται,
462 2303 588 2389 ἁπαλός,
610 2306 779 2392 pimenion,
801 2304 957 2391 τροχαλός,
979 2303 1093 2385 lemen]
1116 2322 1182 2402 αι-Ι

67 2410 227 2490 menetai
248 2404 285 2472 τὸ
305 2404 446 2491 populien
489 2409 546 2474 Hie
567 2427 646 2491 quae
669 2411 789 2474 unuiuis
811 2410 1055 2492 oiroumseripsi,
1076 2408 1167 2476 addi·
1248 2443 1252 2449 ·

69 2511 198 2572 tamenta
226 2516 300 2575 sunt
329 2508 447 2576 eodrois
468 2509 564 2573 Huvu.
585 2525 715 2590 quorum
736 2509 821 2590 prius
843 2506 882 2575 aul
904 2515 1045 2588 quartum
1067 2523 1167 2589 quea-

69 2602 131 2668 dum
152 2623 306 2676 canonem
330 2609 463 2690 pertinet
482 2607 521 2672 do
542 2606 781 2690 quadrisyllahis
802 2608 1000 2686 nortepertus,
1027 2601 1166 2690 violatae,

71 2702 257 2789 Κραβίαλος,
278 2706 424 2790 Atetotoc
445 2715 502 2773 eto.
523 2723 604 2788 quae
623 2707 684 2770 nisi
703 2706 958 2787 comprehensiva
978 2708 1041 2770 sint
1062 2714 1096 2770 ut
1115 2706 1167 2774 a·

70 2800 166 2880 ηιαλός
198 2807 352 2886 syllabam
385 2806 424 2869 ab
459 2814 596 2870 extrema
625 2807 744 2894 tertiam
777 2813 898 2871 nautam
926 2805 1039 2870 habero
1068 2804 1166 2874 edioil.

72 2900 152 2976 Quoi
172 2905 289 2970 editum
310 2913 359 2970 ost
379 2905 406 2968 εἰ
426 2900 468 2989 μὴ
485 2903 656 2986 nepaesinae}
669 2907 803 2992 σημασίηι
817 2901 989 2986 ἐκφέρηται,
1010 2905 1042 2968 in
1056 2898 1167 2987 ε’θαιιιῇ

72 3003 240 3068 mutandum
261 3021 334 3068 esse
354 3004 466 3069 iudicio
490 3012 537 3069 est
560 3004 730 3084 exemplum
751 3005 875 3086 regulae
897 3003 1069 3082 subjeetum
1088 2995 1167 3074 Ἰτα-

73 3093 118 3172 tls
132 3103 337 3183 gentilicium
365 3120 435 3168 nam
453 3104 670 3186 appellativum
690 3098 794 3178 ἰταλός
815 3103 927 3166 vitulus
950 3107 1002 3163 aut
1024 3108 1167 3182 praeter-

73 3197 145 3262 misit
163 3202 216 3265 ille
238 3202 322 3284 quod
342 3221 449 3284 parum
464 3210 654 3284 compertum
666 3202 771 3266 habuit
786 3209 838 3266 aut
853 3201 942 3265 aliter
957 3202 1166 3282 pronunoianq-

75 3293 135 3360 dum
162 3317 235 3364 esse
263 3304 384 3366 oensuit
411 3303 477 3367 sive
504 3300 656 3383 producta
686 3301 784 3383 prima
812 3301 877 3364 sive
902 3305 1031 3378 gravata
1052 3298 1165 3364 ultima.

75 3393 224 3464 Diversum
243 3418 317 3464 vero
340 3402 524 3464 seutentiam
546 3401 710 3480 proposuit
730 3398 1166 3480 Goettlingiu5,.substantiva

78 3499 166 3561 omniu
186 3507 311 3580 praeter
328 3491 457 3579 Ἰταιός,
482 3493 649 3576 Θεσσαλός,
672 3491 827 3579 ὀμφαλός,
851 3492 1003 3578 αἰγιαλός,
1032 3513 1165 3577 propar-

77 3604 201 3674 (tritona
231 3615 303 3662 asse
332 3597 369 3674 tle
396 3601 470 3663 Aoo.
493 3598 561 3663 186.
590 3597 742 3678 adjectiva
762 3614 836 3660 vero
866 3603 957 3660 anuto
986 3596 1063 3658 finiri
1085 3613 1164 3662 sono

78 3705 103 3768 p·
121 3693 184 3762 301.
207 3696 340 3777 ideoque
360 3696 470 3771 πίαλος
490 3696 571 3777 apud
595 3697 813 3778 Hippocratem
836 3695 1061 3763 substantivum
1084 3693 1164 3764 dioit.

79 3787 130 3854 sed
154 3795 185 3858 iri
212 3795 351 3860 Muliebr.
379 3797 414 3860 ll.
436 3795 505 3860 799.
536 3797 568 3859 T.
593 3796 627 3859 H.
657 3791 828 3875 πρόςθετοα
854 3796 909 3876 τῆς
929 3791 1043 3858 naalon
1071 3787 1165 3879 δᾳδὸς

81 3881 137 3972 (ὡς)
150 3889 303 3976 τριτάτης,
319 3901 403 3958 certa
419 3894 539 3976 quidem
556 3893 664 3957 taedae
676 3895 799 3975 speeies
812 3893 1009 3976 significatur,
1029 3891 1085 3960 setl
1107 3892 1165 3958 ad-

77 3986 174 4062 jective
198 4002 308 4058 tamen.
358 3995 405 4056 Ao
425 4000 547 4057 veteres
570 3999 729 4056 accentum
750 3992 886 4056 mouille
907 3993 1026 4056 ratione
1049 3991 1105 4056 sed
1127 4009 1165 4057 eu

82 4097 207 4158 mensura
235 4093 352 4174 primae
379 4091 518 4180 syllabae
543 4091 703 4172 judicasse
731 4098 861 4174 apparet
889 4108 927 4154 ex
954 4087 1019 4154 EM.
1042 4091 1092 4176 tt,
1113 4094 1162 4159 32.
1259 4081 1261 4088 ’
