2772 4992
51 261 117 326 DE
143 262 244 330 ΝΟΜ.
265 262 430 340 QUORUM
443 263 557 330 CHAR.
579 265 656 330 EST
671 264 888 332 GUTTURAL.
911 268 943 332 C.
958 272 992 334 ll.
1016 281 1044 347 §.
1059 273 1087 338 6.
1112 275 1185 342 327

52 429 166 509 stigio
189 431 282 493 etiam
302 431 335 493 in
355 429 520 510 gentilioiis
542 431 753 512 reperiuntur;
774 447 845 494 nam
857 435 1036 512 Καλλολκολ,
1048 430 1177 518 Ὀκικολ,

46 521 241 610 Ὀμβρικοί,
251 529 279 574 ²⁷
296 522 498 604 Οὐινδελικολ,
512 536 682 610 sequnntur
695 536 856 600 accentum
869 530 1074 598 derivatorum
1087 553 1181 616 grae-

52 644 196 710 corum,
230 630 289 692 etsi
315 631 464 710 postremi
492 629 642 693 derivatio
668 644 732 691 non
760 636 905 711 apparet,
924 626 1066 711 “Epvaaoc
1093 651 1178 715 vero,

51 725 151 807 quod
176 726 218 790 ab
239 727 353 811 bernis,
375 735 409 791 ut
430 728 549 811 dicitnr,
571 725 694 790 ductum
716 733 775 809 est,
796 727 904 792 eodem
917 728 1009 792 modo
1024 731 1177 815 scribitur,

52 842 127 906 qno
143 819 298 906 Ἕρνικες,
321 829 457 891 tortasse
478 832 511 889 ut
532 823 756 906 metaplastum.
798 827 969 890 Masculina
982 829 1098 909 primae
1119 829 1178 893 dc-

52 924 249 988 clinationis
269 941 426 1006 perpauca
447 933 518 989 sunt
534 919 655 997 Ἑλλκνς
674 924 799 987 Helicae
821 925 972 1010 conditor,
993 928 1075 1007 quod
1096 930 1177 992 Mei-

53 1023 181 1087 nckius
204 1025 323 1104 reecpit
345 1024 474 1088 Tbeoor.
496 1024 517 1088 l.
541 1022 608 1086 125.
629 1022 754 1095 κονλκας
774 1015 909 1106 ἀλέκτωρ
929 1024 1001 1088 lles.
1023 1043 1042 1088 a
1067 1022 1176 1102 κόπος

54 1140 84 1187 s,
115 1117 281 1196 xoecds.²⁸
322 1123 406 1185 Sunt
432 1125 467 1186 ia
492 1121 666 1202 [uaporem
692 1137 808 1200 ponere
835 1121 912 1185 dicti
935 1127 1069 1202 pozicoc
1089 1127 1176 1207 quod

52 1224 136 1285 sine
170 1222 282 1285 codice
306 1225 486 1284 noscantur
511 1220 587 1284 Plin.
611 1220 688 1284 xli.
712 1219 758 1284 14.
781 1215 838 1292 οὓς
865 1223 996 1286 καλοῦσί
1016 1245 1096 1297 τινες
1115 1221 1174 1287 πέ-

54 1321 126 1397 ζιας
140 1320 216 1384 Alb.
229 1321 265 1383 ll·
274 1319 323 1386 61.
336 1321 372 1384 Ε.
388 1321 440 1384 ubi
456 1319 543 1384 eodd.
558 1316 680 1397 νιὲζικας
693 1325 724 1382 et
737 1313 866 1396 πεζικάς,
890 1337 1019 1401 quornm
1037 1323 1172 1388 tortasse

52 1419 138 1482 nihil
160 1435 268 1482 verum
290 1419 346 1483 sed
367 1420 470 1497 νοζλοις
491 1437 509 1482 a
531 1420 598 1500 pari
618 1419 817 1482 nominativo.
860 1419 907 1482 Ex
930 1422 1019 1483 tertia
1040 1421 1100 1484 bne
1117 1440 1172 1486 re-

54 1516 194 1580 serenda
215 1524 287 1580 sont
305 1512 497 1595 Ἀπελλικῶν,
519 1516 602 1598 quod
624 1517 662 1581 ab
680 1509 824 1598 Ἀπελλῆς
845 1516 1014 1582 derivatum
1039 1519 1169 1604 videtur,

54 1623 89 1680 et
111 1616 276 1680 Κιλλικῶν
297 1618 423 1700 Achaei,
445 1618 496 1698 qni
517 1616 652 1679 Miletum
674 1614 817 1698 prodidit,
833 1633 1005 1695 cognomen
1026 1621 1171 1702 utApol-

54 1715 167 1779 lonins
199 1716 325 1796 scripsit
346 1718 378 1780 in
401 1717 471 1780 Soli.
492 1716 587 1778 Arist.
608 1713 679 1776 Pac.
703 1713 773 1778 364.
801 1713 884 1794 quod
906 1717 957 1794 qni
979 1733 1046 1779 eum
1069 1736 1087 1780 a
1109 1735 1170 1782 nn-

54 1815 137 1877 trice
162 1814 278 1877 Cilissa
299 1816 461 1895 aceepisso
483 1811 616 1893 tradunt,
637 1811 763 1875 Cilicum
777 1812 942 1892 nequitiam
960 1815 1077 1894 volgari
1091 1833 1169 1896 pro-

52 1912 170 1976 verbio
199 1912 385 1975 celebratam
413 1919 577 1992 spectasse
604 1909 753 1973 videnlur.
801 1912 848 1972 Ao
876 1912 1015 1975 similiter
1042 1915 1080 1976 ab
1107 1913 1168 1992 ἕλιξ

55 2010 249 2075 declinatum
272 2017 321 2074 est
336 2007 453 2073 ἕλικολν.
484 2009 546 2074 Sed
569 2009 719 2074 Stimicon
739 2010 771 2071 in
793 2008 909 2087 eclogis
921 2011 1037 2090 Virgilii
1050 2020 1080 2074 et
1093 2013 1166 2076 Cal-

53 2110 163 2192 purnii
190 2109 238 2173 Vl.
260 2109 309 2174 84.
341 2126 432 2191 qucum
462 2110 589 2189 primam
618 2106 767 2186 syllabam
796 2109 957 2191 corripiat,
987 2115 1073 2189 patet
1101 2127 1164 2174 non

53 2215 146 2273 recte
170 2225 188 2272 a
209 2209 327 2272 Koenio
350 2209 388 2272 ad
411 2208 499 2288 Greg.
521 2206 590 2271 290.
614 2206 747 2269 conferri
770 2221 837 2267 eum
859 2222 973 2285 graeco
995 2210 1097 2286 Σῖμος
1108 2211 1163 2272 Σλ-

54 2327 155 2390 μιχος,
178 2306 235 2370 sed
256 2308 361 2387 potins
390 2307 584 2386 peregrinum
611 2306 667 2367 init
693 2311 727 2367 ut
751 2297 924 2383 Ῥουβίκων
951 2312 981 2368 et
1007 2308 1164 2389 Σνελλχων

56 2407 190 2473 Stilicho
212 2423 268 2468 seu
289 2405 407 2470 Stilioo.
429 2441 469 2452 —-
490 2405 719 2484 adjectivorum
741 2405 772 2466 in
799 2391 872 2477 ικῶ
886 2405 1060 2468 exeuntium
1088 2424 1162 2486 pars

55 2521 169 2586 magna
195 2506 233 2568 ab
254 2505 415 2585 adjectivis
437 2505 585 2583 originem
606 2501 699 2565 babet
720 2495 880 2583 ἆγνθικός,
903 2499 1093 2577 decoratam.
1106 2523 1162 2569 ce-

58 2614 127 2670 tera
149 2604 187 2667 ad
209 2604 319 2684 Pbryn.
342 2603 411 2668 228.
436 2609 594 2682 congesta.
636 2602 721 2664 Haec
741 2618 838 2681 genus
872 2610 902 2665 et
930 2605 1160 2670 universitatem

58 2703 231 2784 significant
252 2719 356 2766 earnm
377 2719 487 2785 rerum,
509 2718 588 2782 quae
609 2701 770 2780 primitivis
792 2701 980 2784 indicantur,
1005 2697 1041 2764 νό
1061 2698 1161 2768 εὐδαι-

58 2799 197 2886 μονικόν,
216 2795 253 2863 τὸ
273 2796 464 2883 μνημονικόν
486 2808 545 2864 eto.
575 2799 636 2864 Sed
653 2803 718 2879 jam
738 2800 890 2863 Homeros
912 2801 1036 2865 turbare
1058 2806 1159 2884 coepit

59 2919 116 2983 pro
144 2896 284 2983 ὀρφανός
309 2917 462 2981 usurpans
491 2893 677 2981 ὀρφανικός,
705 2915 762 2978 pro
789 2894 947 2977 παρθένος
973 2899 1156 2983 παρθενική,
1253 2945 1257 2957 .

60 3017 137 3082 quae
157 3000 338 3062 Eustatbins
361 2999 450 3080 1566,
473 2999 520 3062 17.
543 3005 646 3078 typum
670 2996 761 3060 modo
776 2999 1029 3078 possessivorum
1044 2999 1157 3064 babere

60 3100 195 3181 adnotat,
215 3115 278 3162 non
301 3099 391 3161 etiam
413 3097 676 3176 significationem.
719 3096 758 3158 Et
780 3094 926 3177 deinceps
949 3097 1014 3160 alii:
1037 3092 1077 3160 οὐ
1095 3095 1157 3179 μό-

59 3221 116 3262 νον
135 3191 319 3280 βαρβαρικὸς
340 3192 470 3277 πόλεμος
490 3189 567 3258 ἀλλὰ
587 3192 640 3257 καὶ
660 3189 815 3275 βάρβαρος
837 3194 941 3260 Thom.
974 3197 1021 3258 Λο
1034 3198 1156 3262 Sebae-

61 3300 142 3362 lerns
162 3298 193 3359 in
214 3296 315 3360 Melet.
339 3313 367 3377 p.
389 3295 438 3360 40.
460 3297 491 3358 in
512 3293 723 3358 describendis
743 3293 903 3372 utriusque
925 3293 1068 3374 adjectivi
1089 3297 1157 3360 lini-

59 3398 116 3462 bus
135 3411 198 3458 non
219 3395 348 3458 ulterius
369 3409 557 3476 progressus
579 3399 628 3456 est
649 3409 738 3472 qnam
760 3399 793 3456 ut
813 3390 1000 3474 baptismatis
1025 3410 1097 3456 raro
1118 3395 1155 3458 de

60 3495 192 3560 moribus
214 3493 274 3556 dioi
292 3494 510 3574 pronunciaret
531 3491 586 3556 sed
609 3493 792 3572 saepissime
814 3491 851 3553 de
872 3491 911 3554 iis
933 3509 1016 3573 poco
1036 3511 1154 3571 praeco

60 3597 225 3675 acescat,
247 3592 291 3655 od
313 3593 481 3655 Graeciam
502 3591 582 3655 nibil
604 3592 775 3670 pertineat.
827 3588 916 3664 Quod
942 3606 1005 3652 non
1029 3591 1153 3654 multum

122 3843 167 3908 27]
191 3840 236 3894 Sic
254 3840 360 3908 Dionys.
378 3840 447 3894 Anti.
467 3842 488 3893 Ι.
506 3799 552 3898 22.1
569 3845 595 3894 et
612 3837 708 3892 Herod.
727 3836 748 3889 l.
767 3837 808 3892 94.
828 3837 875 3890 scd
890 3837 1030 3904 ”opppaaoa
1049 3839 1090 3891 IV.
1110 3841 1151 3897 49.

119 3931 163 3998 28)
187 3931 261 3986 Idem
278 3929 403 3982 Κόττικοι
421 3932 449 3980 αλ
468 3930 682 4002 περικεφιιλνῖνι
701 3932 838 3996 cognatum
859 3942 917 3980 cum
935 3925 1015 3990 κόττη
1029 3943 1051 3982 s.
1066 3936 1154 3991 κοπίς

62 4021 139 4084 eaput,
156 4013 204 4069 sed
222 4016 350 4081 scriptura
370 4013 450 4067 dobia
465 4019 494 4066 nt
510 4014 589 4067 multa
607 4013 727 4078 ejusdem
743 4011 839 4062 ὀλλκοι
858 4009 1012 4077 λκκομιβολ,
1026 4011 1154 4081 ”oparata

62 4097 103 4150 τὸν
117 4101 292 4167 χιτωνίσκον,
308 4095 471 4166 Σμιὲρδικον
487 4098 647 4168 στρουθίον,
665 4097 765 4159 Sputum
784 4094 900 4162 ἄτροχος
916 4092 1009 4161 ἅμαξα
1028 4100 1078 4150 etc.
