2770 4992
238 303 292 370 DE
315 305 409 370 MUT.
433 303 589 371 TElllllN.
611 305 761 372 cntlsls.
796 307 828 372 C.
843 309 892 374 ill
920 316 950 385 §-
964 309 994 376 8.
1129 309 1171 377 81
1233 304 1239 316 ’

1 499 3 562 p
66 472 216 556 cordiam,
244 475 290 536 lta
311 472 462 536 formandi
482 471 635 536 sermonis
655 461 718 534 dno
740 479 813 536 sunt
834 473 991 538 contraria
1012 473 1173 560 principia,

1 635 2 648 ,
64 573 216 652 Analogia
233 577 266 635 et
279 572 457 652 Anonralia3
479 585 607 652 quamn
618 569 672 633 illa
686 570 797 634 slnrllia
814 573 955 636 similitor
967 572 1062 657 fingit,
1084 573 1171 659 laea,

1 651 2 710 l
64 688 100 734 no
113 671 220 734 omnia
233 669 344 734 eadent·
358 671 479 735 tramite
492 669 665 751 decurrant,
687 682 863 734 sermonen
877 671 1036 752 multiplici
1049 673 1171 738 ratione

63 761 164 833 variat-
193 774 224 832 et
255 769 384 834 colorat.
431 769 497 832 llao
519 775 620 831 autent
648 784 711 830 non
741 770 832 833 statis
858 769 1034 833 ricibnsnt
1054 785 1118 834 non
1138 778 1170 835 et

65 869 127 934 dies
150 869 212 933 sibi
234 868 365 930 invicem
387 867 557 930 succedunt
577 866 634 930 sed
656 865 758 930 altera·
774 868 903 932 alteram
925 883 1168 950 saepenumero

62 968 219 1048 intercipit
246 967 369 1046 nmque
396 981 483 1030 snam
512 968 556 1030 ln·
572 965 926 1031 dltlonanr'transnrittil
952 965 1101 1033 alienant:
1134 970 1170 1034 ln

1 1101 3 1126 .
63 1065 272 1132 declinatione
293 1066 374 1128 siout
394 1064 455 1129 dixi
473 1065 616 1146 parilitas
636 1065 825 1148 dominatur,
845 1067 883 1128 ln·
897 1064 1088 1129 derivatione
1107 1067 1169 1130 irn-

63 1167 223 1249 parilitas‚
253 1163 310 1230 sed
338 1170 369 1227 et
393 1164 448 1226 illa
473 1179 537 1227 non
558 1180 631 1227 raro
653 1163 755 1228 olllcio
776 1170 882 1226 cessat
908 1168 940 1228 et
961 1163 1168 1232 dentatam

62 1282 133 1346 pars
155 1261 241 1328 haud
262 1264 374 1342 exigna
393 1279 570 1328 communes
593 1264 732 1344 sequitur
752 1261 887 1346 regulas,
907 1263 1037 1328 manime
1058 1269 1169 1344 patro-

61 1365 192 1445 nymica,
214 1362 393 1443 pariootloa,
412 1361 635 1444 arrrplilicatira²
658 1361 843 1432 deminutivn
865 1377 902 1424 ao
918 1361 1066 1426 nonnulla
1086 1379 1168 1443 qno-

1 1453 2 1468 ¹
62 1479 120 1543 qna
149 1476 259 1526 aarum
285 1466 366 1540 qaae
392 1459 517 1540 proprie
539 1475 709 1539 paronyma
730 1459 889 1541 dicantur,
919 1460 1025 1540 utiquo
1047 1461 1166 1526 rninore

61 1577 150 1641 quarn
172 1559 227 1622 illa
249 1558 427 1624 constantia
447 1557 567 1624 sedita
588 1564 690 1622 tarnan
709 1564 743 1625 nt
764 1559 899 1641 speciem
920 1557 1072 1640 quandam
1088 1578 1166 1641 pro-

1 1643 3 1724 ζ
61 1658 214 1740 portionis
242 1656 428 1738 relinquant.
478 1655 579 1731 orare
608 1657 685 1722 lraco
715 1659 807 1723 etlam
833 1651 913 1724 κατὰ
939 1657 1112 1739 συζυγίαν,
1133 1666 1166 1726 ut

60 1766 183 1822 ratores
195 1756 414 1838 instituerunt,
436 1756 563 1820 tractari
584 1763 727 1838 possunt.

67 4231 70 4240 ’
93 4239 201 4293 uocet.
215 4241 353 4305 Pactolon.
