2758 4994
150 256 207 323 DE
227 255 448 324 NOMINIBUS
469 253 511 321 lN
530 253 827 326 emanantes
863 260 895 324 C.
909 261 970 327 vlt
989 270 1018 338 s.
1032 263 1061 330 2.
1105 263 1178 334 247

60 441 156 507 uero,
188 429 226 488 ιιι
245 429 317 486 ante
337 421 492 504 praedixi,
522 422 648 503 poetica
668 428 792 505 praeter
812 419 927 505 ἐοίνεος
946 426 1014 490 sive
1034 426 1170 509 είοίνεος,

58 541 123 604 quo
152 521 333 586 Herodotus
361 527 392 585 et
418 521 626 604 Hippocrates
653 523 701 586 usi
729 527 817 603 suut,
850 525 1058 605 nequeenim
1086 534 1172 592 extat

58 619 258 702 trisyllabum
286 619 400 701 κίοινος
426 626 460 684 ιιι
487 626 519 683 et
544 620 709 684 latinorum
736 621 885 686 nonnulla
906 624 1050 690 breuiore
1073 627 1171 692 torota

59 724 188 786 carent:
221 718 423 801 arundineus,
452 719 694 802 pancarpiueus,
724 719 938 805 hirundineae,
970 723 1169 804 cupidineus.

56 821 106 884 Ite
129 819 397 884 substantivorum
418 818 579 900 epenthesi
599 817 674 882 nibil
695 824 829 882 constat.
865 821 943 886 Nam
964 823 1087 888 arboris
1109 841 1171 889 no-

56 937 134 984 men
152 912 271 1001 ἐρινεός
291 915 468 981 credibilius
495 923 544 980 cst
565 913 733 980 derivatum
755 934 829 982 esse
849 936 868 982 a
890 921 990 984 tractu
1010 915 1046 984 τὸ
1065 917 1171 1001 ἐρινόν

56 1025 92 1083 ιιι
114 1011 216 1100 μηίέα
236 1034 256 1080 a
275 1017 374 1100 μῆλον
394 1022 426 1080 οι
446 1014 558 1080 similia
577 1033 606 1080 r.
627 1013 822 1081 eamear.
844 1034 935 1099 quam
956 1036 975 1082 a
995 1037 1168 1100 synonymo

54 1111 175 1200 ἐρινός,
197 1119 286 1196 cujus
308 1121 407 1180 testes
428 1111 576 1196 perpauci
599 1119 672 1176 suut
692 1117 723 1176 et
744 1131 808 1178 non
829 1114 991 1180 admodum
1013 1119 1170 1199 antiqui.²¹

49 1209 242 1280 ‘Perimula
261 1221 373 1297 autem,
393 1211 477 1295 quod
498 1227 554 1294 pro
577 1206 746 1291 ῥοὸακινόν
765 1213 816 1277 vel
837 1209 1014 1297 ῥοὸακηνόν
1034 1233 1170 1297 usurpa-

56 1323 129 1399 tur,
151 1315 285 1378 forsitan
304 1329 344 1377 ue
364 1327 509 1392 graecum
530 1309 652 1392 quidem
672 1329 701 1375 v.
721 1311 867 1378 Bernard.
891 1311 930 1377 ad
952 1314 1052 1380 Noun.
1076 1331 1103 1378 c.
1117 1314 1167 1394 87,

54 1413 134 1480 291.
154 1411 271 1478 Niclas.
294 1409 334 1474 ad
356 1409 473 1492 Geopp.
491 1405 527 1474 ll
551 1409 598 1475 13.
640 1407 686 1474 lte
700 1408 802 1474 vocali
824 1412 1047 1478 terminationis
1063 1413 1169 1476 ultima

55 1511 139 1578 nibil
160 1507 315 1591 estquod
341 1508 485 1573 adnotem
515 1512 639 1588 praeter
667 1515 778 1591 tropen
805 1509 913 1574 literae
941 1516 993 1576 eta
1021 1512 1168 1594 doricam,

55 1628 127 1676 nou
145 1609 249 1676 solum
267 1609 300 1672 in
319 1607 493 1672 nominibus
515 1604 630 1671 doricis
648 1614 680 1671 ιιι
694 1607 867 1693 Σμοκρίνας
882 1611 1064 1674 Tarentinus
1080 1608 1168 1674 Diod.

56 1709 203 1775 Klitai.
226 1705 383 1788 Κοοκίνας
401 1707 469 1770 sive
490 1705 650 1785 Κροκίνας
668 1706 852 1772 Larissaeus
873 1707 948 1772 XIV.
968 1707 996 1772 3.
1018 1711 1169 1790 Μοργαν·

56 1811 132 1874 τινα
143 1807 194 1874 ΧΙ.
207 1805 255 1872 re
268 1805 406 1870 Κοπίνα
415 1803 612 1870 meretricula
622 1804 867 1871 Lacedaemonia
877 1807 987 1871 Athen.
1005 1807 1168 1874 sedetiam

56 1913 92 1974 in
115 1905 330 1972 communibus
350 1904 478 1984 δρυίνας
497 1902 643 1967 Artemii.
665 1903 712 1966 lV.
734 1902 784 1987 56,
805 1903 875 1969 368.
899 1906 1002 1970 Sobel.
1022 1905 1088 1970 Nic.
1111 1905 1165 1970 Tb.

57 2008 133 2073 411.
154 2004 313 2088 κεγχοίνας
339 2003 467 2068 Eutccn.
487 2001 636 2084 Metaphr.
658 2019 687 2082 p.
708 1999 777 2066 340.
798 2001 944 2085 γλυκίνας
963 2004 1073 2068 Athen.
1090 2004 1167 2072 XIV.

59 2107 133 2174 645.
155 2105 192 2168 D.
219 2101 376 2186 κερατίνας
402 2102 527 2166 Luciam
554 2099 681 2163 Conviv.
704 2105 733 2174 s.
754 2099 804 2166 21.
834 2100 986 2182 οπαρνίνα
1005 2099 1083 2166 Poll.
1104 2101 1165 2165 Vll.

59 2204 132 2273 118.
162 2196 250 2279 ὀξίνα
274 2197 430 2286 ἐργαλεῖον
456 2191 624 2282 γεωργικὸν
651 2192 798 2280 σιδηροὺς
825 2199 898 2282 (sic)
928 2195 998 2284 ἔχον
1024 2199 1167 2283 γόμφους

58 2302 197 2384 Hesycb.
216 2301 278 2364 uisi
297 2298 358 2364 hoc
379 2317 398 2363 a
419 2299 573 2380 scriptore
594 2298 766 2380 protectum
788 2302 837 2361 est
853 2297 970 2364 dorico.
979 2301 1008 2339 ²²
1034 2300 1166 2363 Damnat

58 2406 140 2470 baec
162 2400 290 2465 Photius
318 2391 425 2480 ὀξίνην
450 2391 507 2460 τὸν
532 2389 620 2461 οἶνον
641 2392 702 2460 οὐκ
721 2391 837 2473 ὀξίναν.
877 2397 944 2461 Jarn
966 2399 1165 2478 pertractatis

59 2519 142 2586 quae
163 2500 203 2566 ad
225 2514 350 2564 causam
372 2497 534 2579 pertinent,
557 2495 689 2578 paucula
710 2493 819 2560 addam
840 2512 919 2576 quae
935 2503 1023 2560 extra
1040 2514 1165 2563 causam

59 2605 152 2680 sunt3
178 2597 307 2680 primum
327 2602 398 2660 aute
420 2594 665 2658 terminationem
686 2579 767 2672 ον’(ῖς,
790 2595 817 2658 si
839 2594 1031 2660 subnectitur
1051 2599 1166 2661 nomini

59 2717 138 2784 pura
160 2697 333 2773 terminato,
362 2709 458 2775 saepe
479 2693 577 2756 omitti
598 2709 677 2772 quac
699 2692 885 2756 antecedunt
904 2695 1047 2778 vocales,
1076 2693 1166 2776 ξυγία

59 2791 184 2881 §munds
211 2794 362 2874 Theopbr.
389 2792 425 2856 H.
445 2791 490 2855 Pl.
511 2791 546 2856 V.
566 2790 595 2873 3,
617 2790 646 2855 3.
677 2791 798 2873 (omiss.
825 2791 856 2854 in
885 2793 989 2876 Thes.)
1018 2788 1103 2876 παρὰ
1128 2789 1164 2857 τὸ

59 2897 149 2982 pelta
168 2893 284 2977 γίνεται
301 2891 434 2974 μείίινος
454 2886 506 2953 καὶ
525 2890 667 2972 συγκοπῄ
685 2884 807 2972 μέλανος
824 2887 877 2953 καί
896 2893 1079 2978 πλεονασμῷ
1098 2894 1165 2973 μεί-

59 3003 146 3072 boos
165 2994 232 3060 libi.
245 2991 316 3074 582,
333 2991 383 3056 23.
404 3005 505 3070 neque
525 2989 591 3051 iota
612 2988 713 3053 solum
734 2989 790 3053 sed
808 2990 929 3070 epsilon
942 3007 1065 3072 quoque
1079 2983 1164 3053 doco-

127 3245 175 3316 21)
192 3242 232 3300 Ab
252 3240 344 3311 ἔχῖνος
361 3240 504 3296 dannatum
521 3234 599 3307 ἕχινῆ
615 3251 653 3292 sc.
674 3236 744 3306 δοριξ
761 3235 856 3293 Arcad.

127 3345 176 3414 22)
192 3341 341 3400 bleiuelrius
360 3337 432 3394 Com.
450 3339 552 3406 Fragor.
571 3338 592 3393 l.
611 3339 669 3394 lar.
682 3338 812 3394 aeolicum
824 3341 898 3406 putat
911 3353 957 3407 pro
972 3337 1056 3402 ἀξίνη.
1092 3339 1164 3394 Haec
1196 3385 1197 3388 ,

61 3441 149 3488 tamen
175 3428 279 3484 deuota
300 3439 353 3479 non
376 3429 425 3480 est.
466 3421 594 3490 Equidem
622 3421 711 3490 irpicis
738 3435 833 3477 nornen
856 3435 980 3489 praecum
1004 3421 1164 3490 latinumque

61 3529 128 3572 occa
145 3511 179 3568 ab
197 3507 259 3570 ὀξίς
276 3508 419 3566 derivatam
435 3512 508 3575 puto.
543 3504 671 3558 Arcadius
690 3520 716 3572 p.
733 3505 774 3561 22.
796 3504 830 3556 τὰ
849 3506 888 3562 είς
906 3491 955 3562 νῖιξ
974 3504 1121 3574 βαρύνεται
1138 3507 1164 3556 εί

60 3600 99 3670 μὴ
116 3591 314 3664 incaeptum&
334 3589 348 3658 ἢ
367 3590 411 3644 ἐπὶ
429 3588 608 3658 σκώμματος,
633 3585 764 3658 ἔρπῦνας,
790 3589 876 3647 ξένας*
893 3587 990 3651 Μηνᾶς
1004 3591 1099 3656 μέντοι
1116 3590 1164 3640 καί

61 3681 154 3748 Ζηνᾶς
169 3674 373 3747 ὖποκνριστικά.
391 3672 428 3728 Τὸ
446 3672 476 3726 δὲ
495 3671 578 3730 δεινᾶς
593 3671 759 3742 nectendum
771 3669 812 3724 du
825 3667 1006 3722 ἐπιτάσσεται.
1023 3672 1071 3726 Ριο
1084 3670 1163 3742 dono.

63 3786 112 3826 νας
136 3763 292 3820 substituam
316 3755 440 3827 ἀρτύνας,
461 3770 507 3825 pro
525 3769 558 3811 eo
577 3753 647 3823 quod
667 3757 784 3823 sequitur
801 3753 898 3813 ὀξίκας.
916 3753 1053 3808 Postrema
1066 3754 1163 3807 Satura-

65 3851 119 3905 sius
142 3845 176 3902 de
200 3841 235 3898 Μ.
257 3841 301 3898 Us.
321 3857 347 3910 p.
365 3840 425 3897 256.
440 3843 480 3895 sic
493 3837 567 3894 alleri
578 3837 619 3890 ὅτι
632 3834 676 3889 ἐπί
688 3836 836 3901 ποσότητος
850 3835 986 3887 τάσσεται.
1006 3837 1034 3889 si
1051 3851 1083 3892 ex
1098 3836 1163 3889 libro

66 3933 207 3999 integriore
232 3925 320 3994 (cujus
342 3924 440 3977 nultum
458 3921 582 3976 iudicium
601 3921 675 3990 tacit]
693 3923 843 3990 acquiesco,
862 3921 910 3987 sin,
930 3924 958 3972 ut
977 3920 1081 3984 assolet,
1097 3933 1166 3972 con-

63 4020 192 4085 jecturam
220 4021 351 4077 sequens,
373 4019 459 4075 aeque
483 4008 539 4062 reri
566 4005 651 4060 simite
676 4009 717 4060 est
741 4004 882 4058 Arcadum
901 4005 940 4056 sie
966 4004 1105 4070 scripsisse
1128 4001 1169 4054 in

68 4098 111 4152 lui
133 4093 301 4163 σκώμματος
317 4089 453 4150 τάσσεται.
470 4089 596 4146 udebeet
610 4101 659 4157 pro
676 4085 799 4150 δεκάζων
814 4087 857 4144 rel
874 4085 1063 4154 δεκαζόμενος.
