2788 4986
208 263 256 330 22
565 259 893 328 otssouulrlo
928 261 949 325 i.

208 421 379 512 ἧσπάρτη,
400 421 437 492 τὸ
457 423 595 510 σπάρτον
615 427 755 510 (frutex).
805 425 867 492 Sed
894 428 926 490 in
954 426 1151 490 animantium
1179 427 1320 492 nomini·
1384 410 1385 454 ³

209 525 269 591 ltus
295 525 459 608 τρνγεντίας
484 527 647 608 vestigium
674 526 789 591 nullum
818 527 890 608 quia
916 541 1031 606 genere
1057 530 1168 590 neutro
1191 533 1320 606 carent;

210 639 281 688 uam
309 623 392 706 qued
418 626 603 690 vermiculus
631 627 854 690 minutissimus
880 613 992 688 nomen
1022 624 1115 690 habet
1147 619 1184 689 τὸ
1211 621 1320 708 άκαρι,

176 744 181 766 ·
211 737 251 788 ex
280 721 416 804 epitheto
444 716 562 808 άκαρής
590 725 771 788 translatum
793 725 928 804 videtur3
957 717 1115 806 ἀστέρτον,
1136 723 1320 808 βασσάρων,

210 821 369 906 γλαυκίον,
391 823 510 907 κνβίον,
531 821 673 904 παρίίον,
694 822 816 906 πηνίον,
837 819 1012 906 φαλάγγιον
1032 825 1092 888 etsi
1112 827 1207 889 certis
1224 827 1322 888 attri-

212 920 287 986 outa
308 927 381 987 suut
401 923 593 1007 animalibus,
614 930 716 988 tamen
737 919 990 988 deminutivorum
1013 941 1031 988 a
1054 925 1161 1005 speeie
1180 940 1245 987 uon
1263 940 1322 988 re-

213 1019 341 1103 codena
371 1037 410 1086 ert
431 1021 497 1088 Eli.
511 1021 581 1106 277,
595 1023 643 1088 54.
664 1017 854 1106 γέρανος-
874 1017 937 1086 ἔστι
966 1017 1000 1086 δέ
1019 1019 1072 1087 καί
1093 1017 1263 1105 οὐδετέρως
1281 1018 1322 1086 τὸ

211 1114 360 1204 γέρανον,
394 1137 458 1186 non
482 1121 565 1186 clare
593 1129 722 1203 apparet
753 1121 819 1186 avis
845 1136 959 1186 nomeu
987 1123 1084 1188 luisse
1111 1118 1148 1185 τὸ
1173 1119 1321 1205 γέρανον,

213 1233 314 1302 neque
342 1221 420 1286 setis
449 1221 610 1303 explorata
631 1215 780 1303 οαθέρτον
801 1227 832 1284 ει
852 1217 1040 1302 οπαράσιον,
1070 1220 1214 1303 quodque
1236 1221 1323 1302 apud

213 1317 413 1383 Aristotelem
435 1317 546 1400 legitur
566 1317 644 1404 φασί
654 1314 691 1385 τὸ
707 1315 908 1402 κιννάμωμον
921 1315 1033 1402 ὄρνεον
1049 1313 1136 1400 εἶναι,
1158 1319 1239 1384 uude
1252 1321 1323 1384 lla-

151 1455 154 1462 ·
215 1417 348 1482 alethius
375 1410 414 1482 τά
435 1413 619 1502 κιννάμαμα
639 1413 732 1502 ὄρνεα
759 1420 869 1484 ascivit
896 1437 924 1484 v.
951 1419 1135 1484 Beckmauu.
1157 1417 1196 1482 ad
1216 1420 1323 1500 Antlg.
1385 1456 1386 1464 τ

215 1532 243 1597 p.
264 1513 314 1582 83.
343 1515 445 1581 addita
475 1517 605 1580 articulo
634 1517 723 1583 litera
752 1519 870 1582 neutris
899 1517 989 1582 eximi
1016 1517 1154 1598 potest,⁷
1207 1517 1323 1582 Cetera
1385 1517 1386 1530 ¹

215 1629 361 1696 generum
382 1615 506 1680 nomina
527 1623 609 1701 sunt,
630 1633 693 1682 non
713 1615 952 1681 individuorum:
981 1615 1117 1694 κίναδος,
1138 1611 1323 1696 κτνοέπετον,

215 1713 317 1798 κῆτος,
338 1715 447 1799 μῆλον,
468 1709 625 1798 πρόβατον
640 1713 768 1799 (κοῖον),
788 1710 923 1795 ἑρπετόν,
942 1711 1061 1796 ὄρνεον,
1080 1709 1200 1798 ὄστρεα,
1211 1711 1323 1798 τήθεα,

215 1809 364 1897 μαλάκια,
393 1809 529 1896 σελάχια,
557 1829 697 1896 quaeque
725 1813 899 1878 homiuibus
922 1830 989 1879 eum
1017 1815 1116 1879 brutis
1138 1817 1324 1899 eommunia,

109 1967 115 1986 ,
216 1908 312 1991 τέκος,
333 1907 452 1991 τέκνον,
473 1907 596 1996 βρέφος,
617 1909 759 1996 ἔμβρυον,
782 1907 897 1994 ὅβρτον,
919 1912 1078 1977 ueletiam
1100 1913 1227 1994 propria
1250 1921 1325 1977 sunt

217 2005 416 2096 άνίράττοίλον
436 2014 637 2096 mancipium,
658 2007 798 2095 γύναιον,
821 2011 904 2094 quod
925 2011 1096 2093 proximum
1118 2018 1167 2075 est
1188 2011 1325 2092 adjecti-

218 2111 265 2176 vis
286 2107 423 2190 nordendi,
445 2105 583 2188 δουλτκά,
605 2111 734 2194 ἀνείρετε
757 2111 942 2176 deminuam
962 2106 1186 2193 θεραπόντων,
1209 2105 1325 2196 ἄνδρά-

217 2229 302 2292 ρτον,
332 2201 517 2296 Εὐριπίδιον
541 2218 599 2276 etc.
650 2211 754 2276 ltlanet
781 2211 872 2292 igilur
901 2209 1096 2274 animantium
1122 2212 1249 2275 uomina
1270 2217 1325 2276 aut

217 2306 388 2373 masculina
409 2325 481 2374 esse
503 2315 555 2374 aut
579 2309 737 2390 leminina;
764 2309 863 2374 utrius
884 2316 986 2372 autem
1007 2309 1130 2387 generis
1152 2310 1223 2392 siut,
1246 2326 1325 2390 par-

219 2406 271 2470 lim
295 2423 333 2470 en
355 2409 568 2474 terminatione
589 2410 802 2491 cognoscitur,
835 2408 945 2490 partim
973 2424 1012 2471 ex
1041 2407 1164 2486 syntaxi
1192 2409 1325 2474 articuli.

218 2503 393 2569 Femininae
422 2512 493 2570 sunl
523 2507 753 2572 terminationes
785 2509 900 2589 primae
929 2505 1143 2569 declinationis
1171 2505 1265 2587 alpha
1289 2503 1325 2571 τὸ

220 2597 513 2688 κοτνολεκτούμενον
533 2612 564 2671 el
587 2611 653 2690 ela,
683 2607 791 2670 tertiae
812 2607 837 2669 ὦ
865 2597 997 2688 (άηάοί),
1024 2604 1212 2668 masculinae
1235 2608 1326 2688 primi

222 2701 338 2768 ordinis
367 2707 407 2778 α“ς
434 2708 466 2768 et
495 2707 532 2788 ης
559 2704 709 2790 (κοχλίας,
738 2699 885 2788 ἀράχνης)
917 2705 997 2768 tertii
1018 2689 1070 2778 εἶῖς
1092 2699 1243 2784 (leesor,
1271 2729 1326 2770 κα-

219 2797 322 2883 τρεάς)
346 2807 377 2866 et
399 2807 462 2868 tres
484 2804 588 2884 spisse
610 2804 798 2889 declinatae,
819 2809 861 2869 αῖτ
882 2797 1036 2885 (πελεκάν)
1058 2807 1098 2877 α“ς
1119 2797 1257 2887 (ἐλέφας)
1279 2811 1327 2869 οἷν

222 2895 336 2984 (λέων).
370 2901 549 2983 Cuiusmodi
569 2905 721 2969 voeabula
742 2905 769 2969 si
791 2919 859 2968 cum
881 2903 941 2967 alio
965 2905 1191 2982 conjunguntur
1210 2920 1327 2984 genere

223 3008 256 3066 ut
284 2995 435 3085 ἡέλέφας
454 3001 563 3068 Athen.
585 3003 661 3068 lllll.
683 3003 752 3068 ooo.
773 3005 809 3068 Α.
838 3003 887 3066 cui
909 3003 1163 3083 contraponitur
1185 2995 1203 3065 ὅ
1224 2997 1328 3085 άῤῥην

221 3095 340 3184 ἐλέφας,
363 3100 458 3182 figura
478 3108 527 3166 est
548 3102 648 3184 qualis
669 3097 746 3183 λείας
766 3098 902 3185 cellmua
922 3101 988 3167 Nic.
1012 3102 1065 3166 Til.
1086 3101 1136 3168 45.
1159 3108 1189 3165 et
1212 3094 1231 3184 ἡ
1249 3103 1328 3180 Λᾶς,

223 3193 244 3284 ἡ
271 3195 389 3282 Τάρας,
410 3193 573 3283 ἡὌττονς,
596 3197 617 3284 ἡ
640 3197 806 3277 Πανοπεύς
828 3200 930 3266 Sohol
952 3201 983 3265 ll.
1005 3201 1094 3266 xvii.
1115 3199 1185 3265 307.
1207 3199 1241 3264 cti
1263 3203 1329 3264 Πα-

223 3295 376 3384 σαργάδαι
395 3299 482 3364 Eust.
505 3297 544 3362 ad
564 3299 652 3365 Dion.
676 3299 764 3367 1069.
786 3317 813 3364 v.
836 3299 874 3364 ad
896 3299 1006 3365 Buttm.
1030 3299 1100 3366 436.
1122 3299 1203 3363 duce
1224 3299 1329 3365 acite

226 3403 275 3464 tes
297 3405 354 3465 etc.
396 3398 461 3464 llae
489 3398 581 3478 igitur
608 3399 839 3464 terminationes
868 3398 1052 3464 discretivae
1074 3399 1187 3479 sunl;⁸
1217 3400 1328 3480 quibus

225 3555 516 3570 *n-

225 3647 274 3698 λον
292 3645 322 3698 τὸ
340 3647 426 3715 γένος,
446 3651 517 3715 patet
541 3645 644 3716 γείτονος
661 3654 687 3705 et
706 3647 811 3718 γόονον
834 3662 1030 3716 synonymorum
1049 3649 1129 3702 instar
1147 3647 1237 3704 habita
1259 3663 1326 3705 esse.

227 3730 280 3787 Sed
300 3729 436 3796 distinguit
454 3730 549 3785 Suidas
566 3729 670 3800 χοάνρς
686 3729 790 3802 petiaco
807 3735 934 3802 χωνεΐον,
955 3729 1046 3800 χόννοι
1064 3731 1097 3784 τά
1115 3733 1246 3800 μέταλλα.

292 3837 322 3906 7)
339 3836 369 3891 lu
386 3834 456 3892 Festi
468 3835 555 3892 verbis
572 3839 675 3906 stripitu
695 3839 787 3891 oracul
802 3839 891 3909 τγνττίο
909 3841 1047 3908 appellant,
1067 3833 1129 3909 quid
1143 3839 1233 3908 lateat,
1251 3844 1327 3910 igne-

227 3935 322 3978 ramus.
357 3920 558 3990 spinturnicium
575 3937 622 3990 pro
641 3923 799 3980 deminutivo
818 3925 952 3991 accipitur.

292 4029 322 4097 Β)
348 4029 387 4085 lte
412 4027 612 4098 simplicissimis
635 4029 757 4100 loquutus
782 4043 852 4096 sum;
881 4044 954 4112 nam
965 4035 1027 4112 sard
1045 4032 1124 4086 urulto
1148 4032 1254 4101 plures,
1279 4018 1329 4100 γαῖα

229 4121 357 4182 (ruptorum
376 4120 404 4168 ut
420 4111 547 4182 γντίίίμόε
569 4113 656 4168 Soiloi.
682 4113 712 4166 ll.
732 4111 807 4168 lllll.
827 4114 884 4170 405.
904 4132 966 4172 τιον,
988 4131 1032 4172 tes
1052 4119 1102 4170 oio.
1149 4115 1259 4171 Nomina
1282 4131 1326 4172 se·
