2758 4994
21 254 113 322 DE
136 259 231 324 ΝθΜ.
253 257 419 334 QUORUM
441 259 563 324 CHAR·
576 260 653 324 EST
674 260 864 327 rachanis.
887 263 918 327 C.
940 264 974 327 ΙΙ.
997 272 1026 339 §.
1048 264 1076 328 2.
1100 264 1170 332 293

24 425 296 507 significationis
317 441 415 488 causa
436 425 475 488 ah
496 425 558 488 illis
587 424 780 506 segreganda
806 425 878 490 duxi
905 435 938 492 et
957 427 1038 507 qnia
1065 443 1104 490 ex
1131 445 1166 492 se

22 530 131 586 mara
155 531 229 587 sunt
249 523 430 587 auctoribus
449 540 512 587 non
535 525 680 605 optimis3
708 541 779 589 uam
807 542 913 589 eornm
934 525 1049 591 nullum
1071 543 1165 606 supra

24 622 269 703 Theophrasti
289 623 466 686 memoriam
487 623 586 703 repeti
607 629 728 705 potest,
757 623 838 705 apud
860 641 949 704 quem
978 620 1170 706 σενδρύφιον.

22 721 170 800 legitur
198 721 230 782 in
250 720 286 784 H.
306 719 351 784 Pl.
373 721 440 784 sine
467 719 531 788 ulla
558 721 647 786 codd.
669 720 867 786 dissensione
885 730 916 786 et
942 718 1105 805 χοράφιον
1132 723 1164 786 iu

23 820 208 900 Fragmm.
257 819 369 882 Cotem
397 819 489 898 hujus
518 819 743 884 terminationis
771 820 912 901 exempla
939 829 1010 886 sunt
1038 823 1165 902 propria

25 913 239 1000 Γάργαφος,
252 912 407 1000 Ἔπαφος,
430 914 607 1000 Κέρκαφος,
634 915 802 999 Τέκταφος,
819 911 950 1001 Ἀνάφη,
968 913 1087 1003 Ἀράφη
1100 921 1163 984 Ar-

24 1017 119 1081 oad.
147 1015 217 1081 115.
239 1033 329 1096 quam
350 1017 526 1098 Stephanus
543 1011 692 1100 Ἀράφεια
713 1017 816 1082 dicere
837 1017 973 1096 videtur,
994 1017 1168 1098 demusque,

25 1117 171 1178 atticus
191 1107 332 1197 Ἀραφήν
353 1122 383 1179 et
404 1117 506 1180 insula
520 1110 653 1199 Ἱεράφη.
702 1117 834 1197 Epsilcn
861 1135 961 1198 panca
987 1115 1102 1182 hahent
1128 1123 1161 1178 et

27 1229 166 1294 parum
196 1213 374 1293 explanata:
407 1209 534 1296 κέλεφος
567 1223 712 1296 leprosus
742 1215 949 1297 scriptoribus
984 1215 1159 1296 christianis

28 1311 217 1393 familiare,
230 1305 402 1395 ,ἄστε’λεφος
420 1306 457 1376 τὸ
476 1309 544 1394 περὶ
571 1309 709 1395 κιθάραν
736 1308 832 1396 δέρμα
853 1315 925 1380 Ηθσ.
954 1316 1003 1379 cui
1029 1309 1160 1396 στέρφος

31 1411 255 1491 conjunctius
276 1411 394 1476 videtur
415 1429 506 1494 qnam
525 1413 727 1494 στελεφοῦρος
753 1413 877 1494 plantae
904 1431 1033 1494 nomem
1059 1409 1162 1476 κατά.

29 1513 145 1591 λεφοι
165 1505 300 1592 αόλαφοι
320 1505 342 1592 ἢ
358 1506 530 1593 κοσάλεφοι
551 1510 627 1592 (sic)
648 1511 721 1576 Hes.
744 1512 852 1576 nescio
874 1529 914 1576 an
941 1531 978 1578 ex
1005 1508 1159 1592 αοσσοιιὸ-4

33 1613 152 1690 λαφοι
181 1616 372 1672 contractum
401 1609 459 1692 sit,
487 1617 518 1674 at
552 1606 691 1694 Τήλεφος
717 1628 841 1692 quoque
866 1611 1043 1692 copulatum
1072 1619 1159 1694 puto,

34 1726 116 1771 non
139 1708 189 1772 sic
209 1714 242 1770 ut
262 1707 487 1774 Buttmannus⁵
507 1711 564 1777 sed
585 1729 604 1774 a
624 1711 719 1774 verho
742 1706 815 1792 poio
837 1717 870 1772 ut
895 1705 1030 1792 Ίηλεμος
1043 1729 1062 1772 a
1077 1706 1158 1791 paim.

35 1807 221 1870 Postremo
242 1801 352 1888 ἐλέφας
372 1814 403 1870 et
425 1809 521 1888 piscis
542 1825 655 1875 nomen
676 1804 812 1890 ἐλεφιιλς,
835 1808 918 1888 quod
936 1809 968 1872 in
990 1808 1058 1872 cod
1078 1809 1156 1890 Hip-

38 1923 141 1988 pocr.
163 1903 469 1972 contaminet.
490 1903 627 1991 ἐλεφητλς
652 1909 801 1988 scriptum
829 1912 886 1970 est.
929 1907 1157 1988 Diphthungum

40 2003 280 2068 circumscribit
308 2005 524 2085 Theogncstus
553 2027 583 2091 p.
605 2008 653 2073 76.
683 2000 722 2070 τὰ
742 1999 871 2070 dedecui
892 1991 965 2086 ιφ-σς
986 2001 1156 2086 δισύλλαβα

39 2101 103 2166 καὶ
126 2095 207 2182 ὑπὲρ
227 2098 286 2166 δύο
307 2099 460 2188 συλλαβάς
480 2100 533 2170 διά
552 2109 610 2171 τοῦ
629 2117 646 2170 ῑ
664 2101 853 2190 γράφονται,
883 2107 1010 2187 γρῖφος,
1038 2100 1154 2188 ἔριφος,

42 2203 203 2287 Σέριφος·
223 2204 417 2286 σεσημείωται
438 2199 474 2268 τὸ
496 2205 611 2288 σῆφος,
633 2222 691 2287 pro
723 2222 784 2287 quo
813 2210 936 2285 στεῖφος
963 2203 995 2267 id
1023 2211 1071 2269 est
1095 2211 1155 2268 crt-

42 2326 114 2386 φος
134 2302 346 2383 reponendum
368 2320 406 2367 ex
426 2302 602 2368 Herodiano
625 2321 654 2384 p.
675 2303 744 2368 294.
766 2305 818 2385 qni
839 2303 927 2384 paria
947 2303 1099 2385 praecipit
1115 2302 1155 2398 dc

46 2403 209 2468 femininis
230 2421 259 2484 p.
280 2401 350 2466 302.
376 2397 414 2466 τά
435 2401 477 2476 εἰς
495 2404 519 2485 η
538 2399 648 2486 ἔχοντα
673 2397 735 2486 πρὸ
761 2403 819 2472 τοῦ
839 2405 862 2485 a}
881 2397 903 2483 ἢ
923 2394 959 2465 τὸ
979 2390 1045 2486 dap*
1071 2394 1153 2484 τὸφ

44 2499 69 2584 ἢ
90 2495 129 2564 τὸ
148 2487 170 2583 η
191 2495 231 2565 οὐ
252 2496 380 2564 θέλουσι
398 2503 437 2584 τῇ
457 2489 492 2565 εἶ
503 2498 736 2584 παραλήγεσθαι
755 2498 838 2584 redd,
861 2494 987 2584 άγρίφη,
1006 2497 1153 2584 σκιδαφή,

45 2595 144 2684 ἐριφή
167 2599 361 2682 (accentibus
389 2599 562 2684 mendosis)
593 2618 683 2683 quem
713 2601 752 2665 ad
783 2619 933 2665 canonem
960 2601 1030 2682 plus
1057 2600 1153 2664 semel

47 2699 350 2792 recurremus-De
368 2699 462 2786 litera·
480 2706 531 2764 eta
560 2701 777 2781 theognostus
806 2719 835 2782 p.
864 2700 932 2766 118.
961 2706 996 2763 et
1018 2699 1083 2763 Em.
1102 2697 1152 2782 44,

48 2801 101 2864 22.
124 2795 165 2861 τά
184 2797 228 2872 εἰς
249 2819 305 2880 ιφη
326 2799 479 2881 μονογενῆ
507 2792 559 2862 διὰ
585 2799 679 2862 τοῦτ’
705 2796 878 2883 γράφονται
903 2799 1007 2882 Σλφη,
1035 2790 1152 2880 άγρλφη

48 2894 69 2982 ἡ
92 2893 210 2980 σκάφη·
231 2890 267 2960 τὸ
286 2892 393 2980 κνὴφη
411 2894 464 2961 καὶ
484 2889 632 2980 ἀκαλήφη
653 2899 860 2980 σεσημείωται,
881 2915 1010 2979 qnorum
1024 2897 1152 2960 alterum

50 3019 70 3064 a
89 2993 179 3063 ανάα
201 2991 311 3080 νοήσω
332 2997 513 3080 proiectum,
535 2997 663 3061 alterum
677 3013 866 3079 paragogum
880 3003 928 3062 est
945 2996 984 3060 ah
998 2987 1058 3078 άκή
1071 2995 1151 3060 unde

50 3249 166 3317 σάφισν,
185 3244 370 3318 ἀργοράφιον,
389 3243 490 3314 ὁμοίως
506 3243 560 3297 κάν
578 3242 632 3298 ἀπὸ
651 3245 706 3296 τῶν
724 3245 763 3303 εἰς
781 3251 809 3305 d,
829 3243 992 3315 μοιράφιον·
1011 3247 1037 3298 εἰ
1053 3245 1083 3297 δὲ
1100 3245 1150 3312 μή,

51 3331 98 3385 διὰ
117 3329 168 3383 τοῦ
185 3337 203 3382 d
222 3328 400 3402 δενάράφιον,
418 3327 553 3397 ζωάφιον,
570 3326 719 3397 ὄρνάφιον,
743 3328 865 3398 ὠάφιον,
892 3329 987 3399 quibus
1012 3343 1045 3384 ex
1069 3331 1151 3397 primo

50 3429 151 3484 genere
171 3412 293 3468 addenda
310 3417 369 3467 suut
385 3409 520 3479 ξαλάφιιν
537 3414 563 3466 et
579 3409 724 3482 ξιράφισν,
748 3427 782 3469 ex
799 3413 881 3468 attero
899 3411 1060 3486 aapddptov.
1083 3415 1151 3464 Moa-

50 3497 158 3572 ράφισν
173 3496 220 3552 itte
240 3498 296 3552 sine
316 3495 395 3550 dnhio
417 3494 513 3549 alicubi
530 3509 577 3562 pro
601 3492 747 3564 μσριλφιον
770 3498 894 3565 scripturn
918 3497 1030 3564 invenit,
1054 3496 1150 3550 inven-

51 3589 131 3651 toque
150 3579 230 3636 fidem
246 3579 345 3634 hahuit.
380 3579 487 3648 Ypsilon
505 3592 550 3632 cur
566 3591 619 3631 uon
635 3578 753 3646 iteretur,
771 3584 830 3636 anta
855 3580 946 3634 oculos
974 3582 1032 3644 est;
1057 3578 1106 3633 sed
1124 3580 1151 3632 in

52 3664 188 3733 σειάφιιν
205 3669 232 3718 et
248 3661 392 3732 σηράφιιν
409 3661 477 3718 haec
502 3662 568 3716 ratio
595 3675 646 3714 non
671 3663 800 3716 convenit.
842 3661 915 3718 lianc
937 3662 1151 3717 deminutiromm

53 3748 261 3805 terminationem
277 3746 394 3814 negterit
410 3744 533 3800 Matthiae
553 3744 664 3799 Gramm.
683 3745 707 3807 §.
727 3745 785 3802 102.

118 3849 148 3916 5]
162 3845 227 3900 Ἀπὸ
246 3846 295 3899 toi
316 3847 421 3915 tiapov
443 3844 551 3908 νῆσσαι
575 3843 686 3898 Gramm.
705 3845 727 3898 l.
745 3847 787 3902 79.
813 3845 871 3899 adn.
895 3851 923 3899 ut
949 3844 1051 3900 helian.
1069 3847 1098 3900 V.
1117 3847 1147 3901 li.

54 3934 109 3989 ΧΗ.
127 3933 170 3990 42.
189 3936 216 3987 et
231 3931 285 3985 alii.
320 3929 387 3983 Hinc
403 3926 544 3998 diopetis
562 3931 684 3997 componi
702 3933 804 3996 poterat
821 3933 849 3982 ut
870 3926 1000 3996 αἰγοσής,
1024 3943 1076 3982 non
1099 3929 1147 3994 Ti-

55 4016 144 4083 λιφσς,
166 4012 237 4083 quod
254 4027 349 4068 nomen
368 4013 447 4067 mutto
465 4013 596 4081 andonius
619 4019 659 4068 est
683 4027 760 4081 quam
782 4011 869 4068 tabula
893 4011 938 4066 itia
962 4011 996 4067 dc
1020 4015 1149 4068 nutricatu

56 4103 145 4156 terrae
165 4097 299 4158 Hecataeo
317 4097 393 4152 Pars.
412 4096 481 4152 vrit.
500 4097 524 4152 t.
544 4095 684 4163 incognita.
