2768 4994
233 277 305 348 tae
589 271 914 340 hissnnlnrlo
948 271 986 337 L

234 441 274 510 alt
294 439 430 508 totototo
451 437 544 504 dueta
564 437 723 520 personis:
745 435 863 520 Alipota,
879 431 1053 520 Ἐρεχθηίς,
1079 437 1197 520 oleato
1219 439 1355 502 tribuum

234 541 369 622 nomina,
390 535 554 621 Διομηὶὅες
574 543 742 619 portarum,
753 529 912 618 'Apeipte
927 537 1114 619 Γηρυονηίς,
1132 539 1264 618 &peplo
1279 555 1356 617 poe-

235 645 360 720 matum,
379 637 514 720 Αἰγληίς,
531 629 652 719 ’Alapta
676 636 796 708 (omiss.
818 636 850 700 in
872 635 942 714 Th.)
965 635 1035 702 Seh.
1056 637 1145 701 Pind.
1162 637 1201 701 P.
1217 637 1273 700 LK
1291 635 1354 699 183.

232 731 359 820 haupts
384 737 597 816 heminarum,
633 735 745 818 quihus
773 743 984 800 consentanea
1012 735 1159 800 loeorum
1198 735 1356 798 vooahnla

235 830 338 920 ἡνῦν
362 835 507 914 Βοιωτία,
528 829 679 918 πρότερον
698 828 731 896 δὲ
751 829 894 916 Καδμηὶς
912 831 1086 916 καλουμένη
1118 835 1223 898 Thne.
1254 835 1280 898 1.
1314 833 1354 897 12.

235 931 397 1020 Metanoia
415 930 565 1016 πρότερον
585 929 719 998 ἐκαλεῖτο
746 925 766 1015 ἡ
785 926 921 1014 Ἑρέτρια
942 934 1043 1000 Strah.
1064 934 1102 998 X.
1132 935 1212 998 447.
1246 934 1305 1014 qni
1329 940 1353 994 et

236 1035 363 1118 Boudeia
383 1035 507 1100 retinuit
528 1041 559 1098 et
580 1033 766 1098 homericum
786 1035 945 1116 Μεσσηις,
967 1052 1028 1115 quo
1055 1034 1244 1097 Pausanias
1277 1049 1352 1112 quo-

236 1151 297 1218 qne
325 1135 434 1214 utitur3
462 1133 584 1216 lupulo
611 1131 730 1198 insulae
757 1132 959 1214 Aethiopicae
986 1149 1100 1198 nomen
1128 1132 1351 1211 Stephanusa

236 1233 393 1302 Marciano
424 1233 544 1314 aceepit
570 1233 601 1296 in
623 1232 757 1296 carmine
777 1233 926 1314 iamhieo,
955 1239 988 1295 ut
1017 1231 1160 1308 videtur,
1196 1231 1348 1294 traditum.

236 1333 297 1398 Pro
320 1331 520 1414 Kuppppldse
543 1332 633 1398 Dion.
657 1329 726 1396 Chr.
748 1329 799 1396 0r.
819 1329 882 1394 llll.
904 1331 973 1396 231.
995 1329 1050 1396 Ed
1079 1331 1209 1395 Veneta
1239 1331 1348 1410 Kapp-

235 1428 317 1512 pldep
337 1429 475 1512 praehet,
496 1446 557 1510 quo
580 1445 642 1493 non
665 1437 778 1511 poetae
798 1429 898 1494 solum
920 1435 1045 1494 utuntur
1064 1431 1177 1508 graeei
1201 1429 1347 1509 latinique

236 1528 411 1596 sedetiam
438 1528 586 1594 Phalaris.
635 1528 773 1608 Chrysae
799 1529 890 1593 liliam
919 1545 1025 1592 omnes
1056 1529 1103 1590 sio
1134 1535 1170 1590 ut
1194 1529 1346 1592 Homerus

235 1634 420 1710 nuncupant,
441 1627 565 1692 Homeri
588 1635 715 1692 matrem
736 1627 903 1710 erhptdo,
925 1644 983 1690 nee
1000 1628 1127 1706 mirum;
1149 1627 1213 1692 sed
1226 1636 1345 1709 praeter

236 1743 352 1792 morem
379 1726 549 1791 Pausanias
576 1727 611 1792 ll.
636 1727 689 1809 17,
711 1731 739 1794 7.
766 1728 957 1794 sacerdotem
978 1726 1139 1805 mglvam,
1161 1743 1251 1806 quae
1273 1733 1345 1790 tem-

235 1826 365 1907 poribus
391 1824 629 1906 Peloponnesiis
657 1828 747 1911 vixit,
774 1827 935 1909 Χρυσηίδα
956 1824 1107 1906 appellat,
1134 1824 1294 1903 Polybius
1314 1826 1341 1886 p,

235 1925 287 2009 89,
309 1927 336 1990 7.
359 1940 486 1990 uxorem
506 1926 661 2008 Antigoni,
681 1943 808 2008 eamque
836 1927 964 1990 turmam
986 1924 1104 1988 Coraes
1128 1922 1167 1986 ad
1190 1924 1342 1988 Plutarch.
1369 1991 1370 2016 p

239 2025 273 2090 Τ.
293 2024 328 2090 ll.
349 2023 419 2089 377.
440 2022 581 2088 Zonarae
602 2041 628 2088 s.
651 2020 775 2088 Δώσων
796 2043 824 2106 p.
845 2025 915 2090 587.
942 2023 1063 2088 restitui
1080 2021 1172 2101 jubel
1200 2025 1339 2104 negleoto
1369 2017 1370 2058 l

235 2123 301 2188 Eli.
323 2121 394 2204 titt,
414 2121 444 2186 3.
467 2123 518 2187 uhi
539 2123 656 2206 Χρυσίς
676 2132 815 2206 vocatur,
840 2139 919 2204 quae
941 2129 990 2188 est
1010 2127 1164 2186 consueta
1187 2123 1339 2184 nominum
1369 2111 1370 2114 ’

237 2220 427 2286 muliebrium
449 2221 556 2286 torma.
605 2222 667 2287 Sed
696 2237 913 2302 nonnunquam
939 2223 1030 2287 etiam
1057 2236 1160 2282 rerum
1190 2221 1339 2284 voeabula

236 2319 289 2385 illo
313 2319 437 2400 poetico
459 2336 545 2384 more
575 2323 734 2386 terminata
763 2319 1026 2402 deprehendimus.
1066 2319 1258 2396 Argivorum
1279 2320 1338 2382 dies

238 2420 338 2482 lestos
366 2411 479 2500 ἡμέρας
506 2414 653 2503 depaldum
686 2423 823 2485 nominat
849 2419 998 2482 helianus
1025 2418 1060 2482 H.
1087 2420 1169 2480 Ann.
1198 2418 1263 2482 Xll.
1292 2419 1335 2482 34.

238 2517 347 2582 Conon
368 2533 442 2582 vero
463 2519 562 2598 magis
583 2537 621 2582 ex
643 2520 748 2600 regula
769 2515 879 2602 ἑορτὴν
899 2512 1017 2597 ἀρνίὸα.
1061 2515 1226 2598 Δωδεκηὶς
1245 2521 1337 2582 θυσία

234 2611 321 2694 παρὰ
341 2619 407 2690 τοῖς
423 2608 568 2692 Ἀττικοῖς
596 2619 700 2683 Sohul.
722 2619 809 2684 Hom.
830 2619 883 2683 uhi
911 2625 942 2681 et
969 2614 1095 2688 dodanta
1121 2625 1275 2701 rodatur,
1302 2620 1334 2682 ah
1369 2661 1370 2700 3

235 2715 391 2794 llespohio
422 2713 565 2790 dedseris.
607 2717 683 2780 Avis
714 2713 823 2801 κέρχνη
851 2718 917 2781 sive
939 2714 1058 2796 κερχνίς
1080 2731 1178 2795 saepe
1202 2721 1333 2800 κερκνηίς
1369 2735 1370 2784 t

237 2816 303 2880 sive
324 2814 462 2898 aeyppplp
483 2815 593 2880 dieitur
613 2833 683 2879 raro
707 2817 846 2880 eodiuum
859 2831 1015 2879 eonsensn
1027 2816 1160 2877 Aristot.
1179 2815 1218 2880 de
1234 2817 1332 2882 Gener.

236 2915 314 2976 Anu.
336 2913 384 2976 lll.
408 2916 434 2978 1.
457 2932 485 2994 p.
508 2913 578 2997 750,
600 2917 628 2980 t.
650 2921 681 2978 et
700 2916 767 2979 aliis
791 2915 870 2979 loeis
892 2934 919 2978 v.
938 2914 1063 2978 laoohs.
1087 2912 1126 2976 ad
1142 2916 1330 2982 Aeliamllll.

236 3009 265 3074 4·
291 3001 438 3092 Ἀδωνηίς
464 3013 630 3095 θριδακίνῃ
659 3014 731 3078 HeS.
751 3014 816 3078 ΕΜ.
848 3013 1008 3093 Φοινικηίς
1028 3006 1092 3076 πόα
1112 3013 1329 3081 Hesiodium

237 3109 373 3174 tortasse
395 3128 451 3192 pro
474 3113 616 3193 φοινικίς,
639 3129 718 3194 quae
740 3115 865 3194 propria
887 3118 936 3177 est
957 3112 1128 3192 plantarum
1154 3117 1328 3196 terminatio,
1369 3155 1370 3182 i

236 3207 395 3289 καρδαμίς,
415 3213 559 3290 numereris,
574 3213 687 3294 κροκίς,
702 3211 843 3294 toeneio,
856 3213 980 3288 σευτλίς,
994 3212 1131 3293 σησαμίς.
1158 3205 1327 3296 Ἀχιλληίὄες
1369 3203 1370 3260 l

236 3307 345 3388 κριθαί
364 3307 514 3388 Theophr.
537 3310 575 3372 ah
594 3311 691 3375 heroe
713 3310 812 3374 diotae
833 3318 913 3375 sunt.
953 3307 1097 3374 Joeulere
1118 3317 1168 3374 est
1184 3305 1327 3396 Ἀχαρνηί-
1369 3363 1370 3368 ,

237 3407 288 3470 dei
308 3406 526 3486 Aristophanis
548 3409 623 3472 heh.
644 3409 714 3474 322.
737 3411 857 3490 l'ragiei
878 3412 1004 3492 propria
1026 3411 1072 3474 sie
1100 3417 1133 3472 ut
1162 3415 1257 3476 eeteri
1277 3414 1326 3477 lin-

237 3513 311 3586 gunt
329 3505 453 3588 Θησηίς,
477 3507 599 3588 Νηρηίς
621 3515 678 3572 ete.
701 3508 894 3589 appellativis
908 3526 979 3572 raro
997 3514 1128 3588 utuntur,
1143 3509 1176 3571 in
1193 3510 1324 3576 diverhiis

237 3605 357 3686 quidem
386 3605 514 3688 γενῇδος
535 3613 566 3670 et
585 3606 754 3689 παρηίδων,
774 3609 806 3670 in
827 3611 948 3673 oantieo
970 3606 1140 3690 βασιληίδα,
1168 3626 1247 3688 quae
1267 3613 1323 3674 sin-

236 3704 307 3784 gula
337 3704 467 3769 divorsis
496 3713 569 3770 sunt
595 3706 752 3788 adscripta
780 3707 953 3787 generibus.
1001 3706 1134 3769 Primum
1164 3710 1243 3771 enim
1267 3727 1322 3772 eun

235 3798 353 3884 γένειον
375 3809 405 3868 et
426 3800 542 3885 γενειάς
563 3811 758 3886 eonjunetum
782 3799 858 3889 est,¹
875 3804 1042 3870 seeundum
1071 3821 1139 3868 oum
1169 3805 1274 3886 παρειά
1298 3815 1321 3870 et

234 3896 418 3984 oapijiomffl
439 3920 567 3983 quorum
588 3902 688 3967 media
709 3904 747 3968 ed
776 3905 902 3987 stirpem
923 3907 1071 3987 pertinet;
1093 3904 1214 3968 tertium
1235 3913 1278 3972 est
1291 3924 1320 3970 or
1369 3935 1370 3952 .

301 4100 347 4170 dih
372 4098 479 4170 llopp'ae
499 4106 557 4156 sunt
575 4115 700 4169 equorum
719 4110 868 4162 ornamenta
885 4105 949 4162 Poll.
967 4104 1051 4170 Adios
1069 4108 1096 4160 in
1112 4105 1235 4166 Phereer.
1251 4107 1285 4160 Fr.
1300 4107 1315 4160 l.
