2788 4986
225 281 273 350 ἥ
583 275 910 344 Dissunrnrto
942 277 963 341 l.
1093 287 1105 307 “

225 450 258 512 et
284 462 357 510 meo
377 444 491 510 molter
517 444 615 509 l'laut.
643 444 718 508 cist.
739 443 787 506 IV.
808 441 838 526 2,
859 441 909 507 57.
939 449 1041 506 mmen
1068 441 1177 506 eodem
1205 443 1332 506 nomine

223 551 384 625 utrumque
408 560 516 608 sexum
543 542 702 608 doolarunt
729 540 851 624 addito,
879 541 933 606 ubi
955 542 1097 606 laminam
1116 540 1249 622 intelligi
1271 559 1333 604 vo-

223 645 304 727 lunt,
326 643 465 708 articulo.
506 641 637 706 Nomina
665 658 744 724 qnae
771 641 1017 705 terminationem
1045 641 1333 705 olnraoteristioam

222 743 346 826 labent,
368 747 444 806 noto
469 740 523 805 illa
550 756 614 804 non
633 739 771 820 indigent
798 739 854 803 sed
875 740 1034 803 asoisonnt
1055 748 1156 804 tamen
1177 741 1333 805 interdum

223 841 357 923 (παίδων
376 837 430 904 καὶ
442 832 584 922 ἀρρένων
597 835 665 920 καί)
687 839 823 921 θηλειῶν
835 838 1279 920 uoovalat.Long.Vl.761.
1294 840 1332 904 D.

221 936 315 1034 αόρος
334 935 434 1022 ἄρσην
453 938 524 1002 Eur.
537 937 632 1004 Andr.
645 938 694 1002 24.
715 941 857 1019 γυναῖκας
876 934 1000 1020 θήλειαι
1022 937 1122 1003 Orest.
1146 937 1235 1002 1205.
1257 940 1333 1019 qui-

223 1057 292 1106 oum
319 1037 500 1103 Eustatlnius
523 1036 592 1119 127,
612 1037 661 1102 32.
690 1037 849 1102 contendit
875 1039 1061 1103 lomerioum
1087 1032 1257 1118 θηλύτεραι
1276 1059 1333 1118 γυ-

222 1146 334 1216 ναῖκες,
357 1135 500 1201 dubitans
524 1141 624 1199 tamen
646 1153 793 1201 sexumne
815 1137 966 1218 signilloot
987 1153 1027 1200 an
1048 1136 1235 1218 qualitatem.
1272 1137 1333 1200 llio

223 1244 325 1301 autem
346 1252 385 1299 ne
405 1233 481 1297 illud
502 1232 623 1315 quidem
643 1234 726 1315 quod
740 1234 958 1301 admoneamus
975 1237 1130 1318 indignum
1148 1240 1206 1318 est,
1229 1234 1333 1299 Grae-

222 1353 279 1400 oos
299 1334 415 1416 pariter
436 1349 473 1396 ao
492 1333 647 1397 Romanos
662 1333 746 1396 illam
763 1351 858 1399 sexus
873 1336 1100 1400 similitudinem
1113 1333 1152 1398 ad
1169 1352 1207 1398 ea
1222 1341 1333 1398 trans-

222 1435 332 1501 tulisse
361 1449 440 1514 quae
468 1438 569 1495 terrae
597 1432 661 1496 latu
690 1441 907 1512 procreantur:
943 1429 1033 1518 καινὴ
1059 1436 1136 1498 πᾶσι
1161 1437 1242 1517 (τοῖς
1262 1429 1332 1497 δέν-

222 1535 320 1618 δροις)
342 1525 479 1614 διαφορὰ
498 1523 535 1593 τὸ
555 1531 640 1612 θῆλυ
659 1526 712 1594 ααλ
729 1525 766 1595 τὸ
788 1527 892 1616 ἄρρεν,
915 1522 961 1598 ὧν
980 1529 1017 1598 τὸ
1036 1529 1092 1616 μὲν
1111 1528 1332 1616 καρποφόρον,

222 1628 258 1698 τὸ
282 1627 315 1696 δὲ
335 1629 478 1711 α”ααρααν
505 1630 655 1710 Theophr.
677 1630 713 1694 ll
734 1631 784 1715 ΙΙΙ,
805 1633 826 1698 8
848 1632 895 1715 (9)
919 1633 945 1700 1.
973 1633 1116 1714 κρανείας
1138 1628 1178 1697 τὸ
1198 1629 1256 1715 μὲν
1276 1632 1333 1716 αρ-

225 1731 296 1813 ραν,
323 1727 361 1796 τὸ
381 1725 414 1794 δὲ
434 1730 534 1812 θῆλυ,
563 1723 605 1811 ἣν
625 1725 678 1792 καλ
696 1726 928 1813 θηλυαρᾶνειαν
946 1735 1079 1798 καλοῦσι
1098 1733 1146 1797 ix.
1169 1733 1217 1817 12,
1240 1733 1256 1798 1
1282 1733 1333 1813 (ut

223 1826 426 1914 θηλύαρινος,
445 1827 651 1911 daimonte).
692 1828 829 1893 Achilles
852 1832 917 1897 Tul.
940 1833 960 1897 1.
985 1832 1031 1898 17.
1053 1826 1254 1915 λέγουσιτὸν
1273 1827 1334 1914 μὲν

222 1926 339 2013 ἄρρενα
357 1927 422 1993 αρν
441 1927 605 2012 φοινίκων,
627 1918 684 1990 τὸν
701 1922 734 1990 δὲ
752 1924 891 2012 θήλειαν.
931 1932 971 1995 Et
984 1933 1015 1995 in
1028 1932 1200 2013 plantamm
1213 1948 1333 2012 genere

221 2026 396 2108 λινόζωστας
416 2021 437 2111 ἡ
459 2022 560 2109 ἄρρην
580 2025 685 2090 nioso.
705 2027 792 2109 Eup:
804 2029 839 2094 11.
861 2030 911 2113 99,
933 2030 1002 2096 297.
1033 2027 1211 2113 πολύγονον
1233 2026 1334 2111 ἄρρεν

221 2167 264 2178 -
282 2131 368 2214 θῆλυ
388 2128 436 2193 lv.
457 2127 486 2190 t.
509 2132 539 2190 ol
562 2125 590 2190 5.
614 2120 803 2207 τιθύμαίλος
827 2122 845 2192 ὁ
866 2124 968 2212 ἄρρην
985 2127 1040 2193 καί
1060 2123 1078 2194 ὁ
1098 2131 1200 2211 θῆλυς
1222 2130 1332 2196 Galen.

222 2227 300 2294 lled.
329 2223 598 2307 Temp.Vlll.19.
622 2224 690 2290 142.
719 2227 752 2290 Τ.
774 2227 836 2292 Xll.
864 2247 892 2293 ν.
919 2226 1076 2294 Bodaeum
1106 2229 1145 2293 ad
1173 2230 1331 2312 'lhooplm

222 2345 252 2410 p.
274 2325 343 2392 772.
384 2325 501 2406 llisque
521 2323 696 2387 nominibus
719 2323 827 2390 Graeoi
855 2327 1043 2408 distinguere
1070 2328 1172 2392 solent
1196 2330 1332 2394 arbores

223 2426 385 2490 silvestres
407 2439 523 2503 easque
545 2438 624 2502 quae
646 2440 665 2485 a
685 2422 783 2487 Plinio
804 2423 879 2489 XVI.
903 2425 949 2491 19.
971 2427 1154 2492 urbaniores
1175 2437 1332 2494 vocantur

225 2526 304 2606 quio
324 2523 434 2603 fronto
462 2525 521 2584 ont
548 2523 659 2604 aliquo
680 2521 754 2585 dote
775 2522 946 2588 dornoniae
967 2527 1078 2590 oioont
1105 2533 1197 2592 exuto
1219 2531 1331 2594 nativo

224 2622 339 2686 robore
368 2616 450 2700 quod
477 2618 548 2683 illue
575 2619 753 2684 indomitum
775 2630 915 2687 servant:
950 2617 989 2688 τὰ
1009 2620 1102 2706 ἄγρια
1121 2628 1186 2689 νῶν
1203 2620 1332 2711 ἡμέραν

225 2715 420 2803 ίαχνρὰαερα,
452 2710 547 2800 αλχρᾶς
574 2711 684 2797 ἀπίου,
716 2716 831 2802 ἐρινεός
856 2724 954 2805 συκῆς
980 2724 1131 2804 Theophr.
1159 2725 1194 2790 Η.
1216 2726 1264 2790 lv.
1291 2728 1331 2794 13

224 2821 292 2903 (lt)
322 2819 349 2885 1.
378 2835 438 2899 quo
461 2834 500 2880 ex
520 2816 591 2880 looo
614 2827 744 2898 apparet
765 2821 845 2886 hano
872 2821 1081 2888 diversitatem
1108 2841 1331 2908 nonnunquam

225 2921 316 2986 etiam
338 2917 548 2997 heteronymia
569 2917 756 2981 deelaratnm
778 2935 859 2984 esse.
903 2923 956 2985 Sio
978 2927 1009 2985 et
1030 2923 1192 2988 siluestres
1214 2927 1329 2993 fraxini

225 3019 365 3083 diountur
394 3019 464 3080 oroi
494 3017 651 3081 Columell.
683 3017 720 3080 de
746 3019 819 3084 Ari).
842 3035 867 3083 o.
890 3019 938 3085 16.
964 3015 1080 3103 ράχους
1106 3025 1236 3088 καλοῦσι
1262 3030 1330 3092 πᾶν

167 3183 174 3196 ,
224 3113 302 3181 ὅσον
321 3113 463 3195 ἄκαρπον
479 3112 597 3196 ἐλαίας,
630 3111 756 3180 κότινον
775 3114 827 3180 ναί
847 3119 963 3200 φυλίαν
982 3117 1034 3184 καί
1055 3117 1159 3186 ἔλαιον
1176 3124 1269 3190 laus.
1293 3129 1329 3192 ll.

225 3217 275 3299 32,
297 3215 325 3280 9.
363 3215 428 3279 Neo
449 3233 520 3280 raro
543 3217 612 3281 solo
636 3216 858 3281 terminationis
880 3219 967 3284 llexu.
1007 3215 1111 3296 Ἴωνες
1129 3217 1187 3305 τὴν
1208 3220 1329 3305 ἄρρενα

224 3311 278 3378 καὶ
298 3306 409 3394 ἀγρίαν
427 3308 532 3380 ἐλαίαν
552 3313 655 3379 ἔλαιον
674 3330 760 3398 φασι,
779 3308 908 3381 Ἀντικολ
928 3313 961 3382 δὲ
981 3315 1106 3384 κότινον
1125 3323 1211 3387 Eust.
1236 3323 1328 3409 1944,

224 3413 253 3478 8.
282 3419 314 3476 et
336 3411 383 3476 15.
412 3430 468 3496 pro
499 3432 560 3495 quo
590 3416 763 3497 Sophocles
794 3417 1012 3484 Traoh.1197.
1042 3414 1141 3502 ἄρσην
1167 3416 1278 3503 ἄγριός
1302 3419 1326 3488 ν’

224 3509 324 3585 ἔλαιος
345 3510 428 3575 dixit.
469 3508 593 3593 Ἔρινος
621 3516 719 3578 σῦκον
738 3509 833 3596 ἄρρεν
858 3517 930 3581 Hos,
956 3511 995 3580 τὰ
1024 3513 1115 3600 ἄγρια
1136 3521 1217 3584 σῦκα
1239 3519 1327 3605 ἕρινα

224 3615 359 3677 καλεῖται
379 3612 455 3676 Poll.
476 3612 497 3676 l.
519 3613 627 3677 212.15
653 3631 733 3694 quae
753 3614 920 3695 impolitior
947 3623 1035 3683 aetas
1057 3611 1229 3700 ἄγριόσακα
1250 3622 1326 3687 dixit

225 3879 258 3920 en
282 3859 502 3917 minuatione.
528 3860 582 3916 ἀπὸ
606 3861 754 3932 ἀνθρώπου
780 3863 831 3923 λ’ως
854 3864 990 3934 γυναικός.
1033 3868 1066 3922 Et
1089 3868 1218 3925 Alexand.
1246 3873 1323 3928 lratt

223 3947 266 4002 lv.
285 3946 345 4004 233.
364 3943 407 4002 ed.
427 3944 506 3999 Basil.
526 3946 560 4002 de
580 3948 716 4004 mulierum
734 3952 866 4006 curatione
885 3950 1007 4020 loquutus
1025 3947 1098 4007 addit
1115 3953 1194 4007 ταῦτα
1214 3959 1262 4009 καὶ
1279 3956 1323 4010 ἐπὶ

225 4027 373 4100 ἀνθρώπου
391 4025 436 4080 δεῖ
451 4035 547 4081 ποιεῖν.

293 4111 337 4177 15)
355 4106 454 4162 ‘Pirene
473 4113 503 4164 αλ
521 4113 648 4179 μέλαιναι
667 4115 780 4185 ἰσχάδες
795 4116 907 4186 Hesyoh.
927 4119 1005 4174 scrib.
1023 4117 1133 4188 ίρίνεαι.
