2772 4992
237 251 307 320 888
572 251 893 321 blssnltrurlo
928 253 990 318 vll.

236 415 421 498 literarium
452 433 489 483 ea
510 419 601 499 qnasi
621 417 796 484 substantia
815 427 879 500 est;
910 425 1013 484 cetere
1040 418 1201 484 elementa
1231 419 1344 484 dnitnut

237 521 269 580 et
289 514 449 596 lubuntnr3
484 517 531 581 sic
558 523 659 581 tanuen
686 524 718 582 nt
739 523 888 598 appareat
907 533 958 582 res
980 515 1018 581 nd
1038 520 1178 599 speciem
1203 525 1241 582 et
1262 534 1345 581 nsum

237 614 353 680 similes
381 614 521 680 similiter
548 615 720 697 appellatas
749 633 831 680 esse.
878 615 1041 680 Videamus
1074 632 1171 699 porro
1210 623 1344 680 coetera

235 705 409 796 ’Λρόσιιχος
433 713 543 786 σκεῦος
569 709 603 776 ἐν
630 700 657 800 ᾧ
682 707 832 796 ἀρύονται
859 707 946 780 οἶνον
971 715 1080 794 Phryn.
1106 717 1193 795 App.
1219 714 1275 780 27.
1304 714 1347 776 cui

238 811 408 894 proximum
429 819 479 876 cst
499 805 644 894 ἀρυστήρ.
694 807 822 898 Boot-xor
849 808 938 896 ἄρνες
964 821 994 878 et
1019 810 1109 896 ἄριχα
1134 808 1244 893 ἅρῤεν
1271 809 1346 894 πρό-

237 911 333 993 βατον
342 909 485 990 llespolrii
499 911 684 991 interpretes
699 927 766 976 curn
779 908 867 992 Βάρα
879 909 1040 996 θρέμμαια
1054 913 1246 991 conternnt3
1270 928 1347 992 quo-

238 1024 304 1072 rum
325 1009 484 1074 atbnitntes
506 1009 659 1074 declaravi
679 1011 711 1072 in
732 1009 841 1074 Parnll.
854 1012 902 1077 ll.
932 1012 1154 1076 Femininorum
1168 1011 1348 1091 Theogen-

238 1115 307 1172 stus
321 1125 350 1188 p.
365 1107 432 1173 118.
442 1109 576 1190 quinque
590 1109 689 1172 allert:
702 1095 845 1193 τὰείςιῖη
865 1110 1016 1192 μονογενῆ
1036 1105 1057 1192 ἢ
1074 1105 1127 1172 καὶ
1147 1111 1286 1191 opereve}
1303 1104 1349 1172 ίιὰ
1372 1115 1373 1190 ξ

236 1205 294 1270 τοῦ
321 1205 336 1268 ῖ
358 1201 506 1288 γράφεται
525 1203 674 1288 πυρρίχη,
702 1205 834 1290 Aelim,
859 1207 1002 1291 μαστίχη,
1024 1209 1160 1289 piverim,
1184 1211 1347 1289 σαμαρίχρ

236 1297 273 1368 τὸ
293 1305 347 1385 τῆς
365 1297 513 1384 γυναικὸς
533 1303 663 1383 clinico,
683 1321 811 1386 quorum
833 1308 961 1388 primum
981 1308 1070 1387 vulgo
1086 1306 1210 1386 Pyrrho
1232 1309 1347 1370 innen-

237 1402 298 1466 tori
320 1409 479 1482 acceptum
501 1403 608 1486 lerunt,
630 1403 795 1471 secundum
815 1405 934 1470 insulae
956 1407 1128 1486 impositum
1150 1413 1204 1468 est
1227 1424 1250 1469 a
1272 1408 1346 1482 sitm

237 1500 365 1582 μαστίχη
394 1519 412 1564 n
441 1503 535 1566 verbo
565 1501 648 1583 quod
668 1503 796 1568 Nereus
818 1503 840 1566 l.
863 1521 889 1568 c.
913 1507 959 1572 17.
981 1508 1009 1568 ei
1031 1503 1168 1584 adjunxit
1188 1507 1348 1584 μαστίχην

236 1601 394 1682 μασᾶσθαι
414 1601 587 1692 masticare.
609 1602 754 1686 Μυστίχρ
775 1608 826 1666 aut
845 1619 883 1666 ex
897 1603 957 1668 bne
977 1611 1090 1667 temere
1106 1603 1281 1682 repetitum
1299 1611 1346 1665 ant

236 1715 347 1763 nornen
376 1699 534 1780 proprium
561 1706 610 1762 est
637 1707 671 1762 nt
699 1701 839 1766 Mantua
865 1701 1020 1782 Mysticos
1047 1702 1078 1764 iu
1104 1701 1204 1764 lusor.
1234 1703 1345 1764 Mutat.

237 1814 267 1879 p,
288 1798 358 1864 241.
382 1807 412 1862 et
432 1795 624 1880 Μυστιχίδης
643 1799 839 1864 Atheniensis
861 1800 949 1864 Diod.
970 1800 1032 1864 XV.
1053 1800 1081 1864 2.
1109 1798 1170 1862 Pro
1183 1802 1344 1882 σαμαρίχη

237 1897 318 1979 apud
338 1897 448 1964 Arcnd.
465 1897 533 1962 115.
546 1897 695 1980 σαμβρίχη
710 1899 929 1982 scriptumest,
949 1901 981 1962 in
993 1898 1095 1963 ludice
1109 1897 1230 1962 Anccd.
1244 1898 1342 1962 Beldr.

235 1997 362 2080 μαρίχη,
392 1995 473 2080 apud
498 1996 637 2061 Photium
663 1997 812 2080 σαβαρίχη
839 2015 867 2060 ι.
889 1996 1018 2060 lleinelr.
1041 1996 1073 2059 T.
1092 1994 1127 2058 ll.
1150 1994 1226 2060 377.
1258 1996 1343 2078 qnod

236 2114 304 2162 cum
326 2112 498 2176 synonymo
525 2089 661 2176 σάραβος
688 2097 778 2160 lacile
806 2096 964 2160 conciliari
985 2100 1088 2175 potest
1109 2091 1253 2158 admissa
1274 2112 1342 2158 me-

237 2196 350 2260 tathesi
377 2209 535 2258 consonae
563 2192 680 2257 mediae
709 2201 739 2258 et
757 2201 920 2258 extremae.
961 2193 995 2258 ln
1016 2190 1119 2256 libello
1141 2190 1214 2273 περὶ
1237 2189 1340 2258 ποσό-

234 2313 325 2377 τητος
345 2293 444 2357 Crem.
464 2293 500 2356 ll.
521 2290 591 2355 302.
613 2290 730 2355 additur
750 2293 867 2374 σιμίχη,
899 2291 981 2373 qnod
1009 2291 1115 2354 nescio
1143 2307 1182 2354 nn
1214 2293 1340 2356 lemini-

234 2409 306 2456 num
328 2392 367 2454 sit
390 2391 508 2472 proprii
528 2389 663 2472 Σίμιχος.
690 2390 780 2454 Aliud
802 2389 892 2454 nobis
913 2390 1039 2470 largitur
1058 2388 1237 2467 Hesychius
1259 2406 1339 2472 σμυ-

234 2491 301 2572 tipo
321 2489 379 2554 τοῦ
401 2491 496 2574 ζυγοῦ
515 2483 551 2552 τὸ
571 2485 672 2572 τρῆμα
692 2485 726 2552 ἐν
747 2477 772 2577 ᾦ
795 2484 812 2552 ὁ
833 2484 986 2570 ίστοβοεύς
1005 2482 1233 2569 καθήρμοσναι,
1256 2489 1339 2572 quod

236 2589 365 2671 ιισμίλη
393 2589 411 2652 i.
434 2605 461 2668 q.
489 2583 592 2670 γλυφὴ
614 2605 710 2652 crena
732 2587 899 2653 derivatum
920 2604 993 2652 esse
1016 2587 1191 2667 suspicatus
1216 2605 1286 2654 suro
1309 2590 1337 2653 iu

234 2687 384 2769 Aglaopb.
405 2683 475 2752 839.
497 2686 623 2751 Generis
640 2688 778 2750 neutrius
793 2687 962 2768 exemplum
980 2687 1121 2750 novimus
1136 2686 1263 2750 tunicum
1282 2685 1337 2749 ui-

233 2807 334 2870 ριχος,
363 2785 401 2849 de
428 2801 489 2866 qno
518 2783 621 2850 dicere
648 2783 763 2850 didere.
802 2786 979 2867 Adjectivn,
1006 2801 1084 2865 ulnae
1106 2800 1335 2866 paragogornm
1373 2785 1374 2788 ’

233 2899 345 2948 nomen
373 2883 410 2947 ad
437 2901 473 2948 se
494 2883 649 2948 uindicare
677 2885 816 2967 possint,
845 2883 1070 2962 desideramus3
1105 2897 1176 2946 narn
1203 2885 1337 2966 μείλιχος

233 2983 477 3047 terminationem
494 3000 513 3046 n
529 2983 625 3048 verbe
638 2989 805 3063 mutuatum
827 2978 947 3064 δολιχός
966 2980 1046 3044 unde
1066 2986 1172 3045 netum
1193 2985 1238 3047 sit
1251 2985 1334 3066 latet,

232 3075 396 3161 κονάριχος
415 3076 575 3164 γλαφυρός
593 3082 667 3145 Hes
690 3082 717 3146 si
739 3083 808 3162 quis
830 3081 867 3146 nd
888 3077 1020 3163 κοναρός
1040 3074 1215 3163 senonens,
1244 3087 1333 3160 πίων,

232 3179 362 3257 telmai,
387 3196 450 3244 non
470 3197 654 3260 repugnem
686 3195 755 3242 nam
776 3198 868 3245 surae
888 3181 936 3245 uel
958 3181 1094 3244 cervices
1118 3188 1237 3246 teretes
1258 3187 1332 3265 pla-

230 3277 329 3359 φυραί
349 3277 408 3342 dici
429 3285 562 3359 pessunt
583 3285 614 3341 et
629 3271 797 3360 εὐτραφεῖς.
828 3279 890 3345 Sed
905 3278 987 3360 quod
1006 3279 1226 3356 Tlucognnstus
1238 3301 1268 3363 p.
1281 3283 1329 3358 20,

230 3374 279 3439 25.
308 3374 423 3440 Anecd.
449 3375 654 3441 Beklu1382.
682 3377 761 3440 inter
789 3381 927 3454 nomina,
961 3393 1039 3457 quae
1069 3393 1088 3438 a
1115 3378 1241 3455 syllaba
1268 3367 1332 3463 ίῖρυ

230 3472 398 3556 ordiuntur,
419 3474 504 3538 affert
522 3469 678 3556 θρύψιχος
696 3471 829 3557 φοβερός
849 3485 880 3541 et
901 3477 1073 3555 llesycblus
1089 3474 1248 3558 θρυψιχός
1261 3501 1328 3558 τρυ-

228 3567 331 3651 φερός,
354 3573 498 3651 snspicor
518 3570 665 3636 mendose
686 3574 833 3654 scriptum
856 3591 927 3640 esse
944 3592 1000 3656 pro
1021 3576 1205 3655 θρυψίχρως
1219 3600 1327 3661 τρυφε-

227 3662 343 3750 ρόχρως
368 3669 440 3732 Hes.
474 3669 522 3732 Ex
549 3669 701 3734 adverbiis
730 3672 789 3735 bne
809 3676 941 3752 pertinet
969 3667 1062 3755 ὀψιχά
1083 3666 1141 3748 ὀψέ
1164 3673 1327 3753 Βυζάντιοι
1360 3709 1363 3721 ν

225 3765 298 3830 Hes.
321 3767 402 3848 qnod
424 3773 552 3848 propter
572 3769 822 3846 significationem
845 3773 1042 3853 temporalem
1064 3789 1132 3834 curn
1154 3765 1257 3854 ἡνίκα,
1278 3799 1325 3857 τη-

225 3863 297 3928 νίκα
324 3864 540 3928 conterendum
561 3865 695 3950 ridetur,
724 3868 879 3934 sedidem
901 3878 1047 3936 accentus
1070 3888 1166 3935 causa
1189 3873 1233 3952 (si
1255 3875 1324 3957 qnid

224 3960 293 4027 lidei
314 3962 438 4045 babeat)
460 3979 516 4044 pro
539 3963 689 4044 adjectivo
711 3968 820 4047 plurali
842 3972 941 4052 accipi
962 3976 1077 4052 potest

304 4067 334 4134 §-
355 4061 384 4126 3.
425 4063 542 4129 llursns
559 4065 876 4150 omiernuetypsllon
889 4074 1052 4152 conjuncte
1068 4070 1218 4136 tractabo.
1250 4073 1321 4138 Nam
