2768 4994
16 429 154 478 mena.
208 411 248 476 lit
283 427 362 494 quae
396 427 492 493 supra
523 411 687 493 proposita
721 418 771 476 est
804 411 911 492 regula
946 410 1160 487 femininorum

13 508 202 595 Ἆβαντίς,
221 510 349 584 Λατιυίς
368 545 411 556 -
435 505 570 588 Θεστιάς,
586 503 703 588 Ἡλιάς,
720 511 829 576 eadem
850 509 889 576 ad
901 509 1161 592 masculina-per»

22 615 139 694 tinet,
163 627 293 693 quorum
314 626 375 673 una
396 615 444 672 est
464 609 600 689 legitima
621 611 763 674 lormutio
787 625 847 691 qne
869 627 887 674 a
908 609 994 694 puris
1007 609 1162 676 ducuntur

22 727 141 792 pura,
164 710 293 791 primum
314 709 528 789 patronymica
545 702 700 792 Ἡλιάδας,
726 705 908 790 Θεστιάδης,
942 705 1162 792 Ταλθυβιάδης

23 811 116 875 EM.
144 808 215 891 540,
236 807 285 872 38.
307 808 393 871 Eust.
417 807 465 889 13,
486 806 535 874 21.
558 814 621 872 tum
641 808 864 889 patronymieis
886 807 1057 874 assimilata
1080 825 1160 889 gen-

28 909 152 974 tiliois
169 899 358 988 Ἀργειάδαι,
374 898 532 984 Ἡλιάδαι,
558 902 740 984 Θεσπιάδαι,
759 900 899 983 Ἰλιάδαι,
923 912 1021 990 atque
1042 908 1160 973 andro·-

27 1005 179 1085 nymica
197 997 365 1087 Ἀρχιάδης,
386 999 562 1086 Δωσιάδης,
583 1001 762 1088 Λυσιάδης,
783 1000 973 1088 Καλλιάδης,
998 1003 1159 1090 Πολυβιά-ἰ

30 1106 118 1187 δης,
147 1099 308 1186 Φανιάδης
327 1139 367 1150 -
389 1105 545 1168 contrariu
566 1122 585 1168 a
604 1120 667 1167 non
688 1107 775 1184 puris
797 1103 962 1188 Κρονίδης,
976 1107 1159 1190 Πριαμίδης,

32 1202 274 1285 Διοςκορίδης,
298 1202 532 1284 Λεωτροφίδης,
552 1203 744 1286 Κλεωνίδης,
766 1203 961 1287 Φοινικίδης,
987 1205 1160 1290 Φροντίδης

36 1311 113 1369 eto.
159 1302 243 1366 llaec
270 1318 344 1365 vero
374 1301 402 1364 si
429 1301 716 1384 alplarceipiunt,
744 1303 851 1366 eadem
880 1301 1059 1368 conditione
1086 1313 1160 1373 sunt

38 1420 117 1484 qua
142 1402 294 1468 feminine.
337 1399 414 1464 Nam
442 1405 478 1464 ut
504 1398 541 1462 de
558 1393 766 1474 Ἀτολλωυιάς
788 1402 978 1482 disoeptutur
998 1409 1097 1470 utrum
1119 1404 1158 1469 ab

34 1496 247 1574 ’Λπόλλωνος
267 1499 316 1571 vel
333 1492 723 1581 Ἀπολλωνίςδοολίοαλοαι
743 1501 784 1566 sit
813 1517 853 1564 an
885 1500 923 1564 ab
950 1494 1161 1580 medeveo,
1269 1577 1274 1587 .

43 1599 167 1666 eadem
189 1602 237 1662 est
259 1596 478 1664 contentiolo
500 1598 666 1662 similibus:
695 1597 726 1662 oi
752 1593 809 1680 μἐυ
829 1593 952 1680 λέγουσι
971 1594 1008 1664 τὸ
1028 1604 1162 1666 Χαλκο-

45 1695 227 1779 δοντιάδης
247 1689 309 1759 ἀπὸ
327 1691 450 1770 εὐθείας
471 1692 709 1772 Χαλκωδοντιάς
729 1698 879 1778 γίνεσθαι,
901 1697 933 1762 ολ
953 1694 986 1762 δὲ
1007 1693 1069 1763 άτιὸ
1082 1701 1163 1766 xal-

45 1792 229 1871 κωδόντιος
249 1797 402 1879 κτητικοῦ.
426 1789 501 1860 Ἀλλ’
524 1788 672 1858 οὐδέκοτε
691 1788 730 1858 τά
749 1791 973 1878 αατρωνυμικά
993 1791 1056 1862 άπὸ
1086 1821 1163 1884 κτη-

46 1897 150 1974 τικοῦ
170 1895 292 1976 γίνεται,
314 1889 376 1960 ἀλλ’
399 1890 461 1960 άπὸ
482 1897 609 1975 κυρίων.
653 1891 787 1977 Γέγονεν
807 1885 867 1960 οὖν
893 1889 955 1960 άπὸ
983 1899 1039 1980 τῆς
1058 1917 1164 1979 περιτ-

48 1992 253 2075 τοσυλλάβου
272 1997 410 2078 γενικῆς*
432 1988 475 2069 ὡς
495 1990 554 2078 γὰρ
572 1987 838 2077 Ἀγαμεμνονίδης,
865 1995 1055 2078 Τεκτονίδης,
1078 1994 1163 2061 οὕτω

52 2089 287 2168 Χαλκώδοντος
315 2093 572 2176 Χαλκωδοντίδης
598 2090 652 2156 καί
678 2095 860 2180 πλεονασμῷ
888 2092 1166 2180 Χαλκωδοντιάδης

53 2199 161 2262 Crem.
183 2194 204 2257 l.
225 2193 295 2258 443.
339 2195 452 2259 Harum
482 2193 702 2260 sententiarum
730 2194 857 2274 primam
885 2193 1061 2261 derelictam
1088 2201 1165 2275 putu

55 2296 201 2362 obeam
230 2307 355 2355 eausam
383 2291 466 2373 quod
496 2308 603 2372 pamm
633 2291 778 2356 credibile
799 2291 954 2357 rideretur
975 2309 994 2355 a
1013 2293 1165 2358 femininis

57 2393 203 2460 derivata
229 2407 302 2454 esse
329 2392 456 2454 marium
484 2391 619 2454 uomina.
671 2389 832 2454 Secundae
860 2397 1020 2456 auctorum
1053 2392 1167 2457 relellit

59 2490 170 2560 Sehcl.
191 2489 280 2554 Dion.
303 2506 332 2570 p.
347 2488 417 2554 849.
438 2485 474 2552 τὸ
495 2483 735 2572 κατρωνυμικὸν
755 2483 879 2562 πάντως
900 2481 962 2553 άπὸ
983 2491 1096 2574 κυρίου
1116 2492 1167 2574 γί-

58 2608 165 2660 νεται·
197 2582 249 2652 διά
275 2588 369 2651 τοῦτο
390 2581 557 2671 ἁμαρτάνει
578 2582 596 2651 ὁ
624 2583 763 2670 Τρύφων
783 2581 820 2650 τὸ
846 2585 1083 2673 Τελαμωνιάδης
1103 2583 1166 2655 άπὸ

57 2693 122 2759 τοῦ
148 2682 341 2769 Τελαμώνιος
360 2680 465 2768 λέγων.
506 2681 674 2769 Ἐκλάνησε
695 2682 729 2749 δὲ
750 2679 849 2751 αὐτὸν
868 2687 944 2762 teos
963 2682 999 2752 τὸ
1020 2686 1167 2774 Λαερτιάὲ

60 2796 122 2877 δης
140 2782 224 2870 παρά
243 2781 279 2852 τὸ
300 2781 449 2866 Λαέρτιος
469 2782 605 2870 γεγονός,
628 2782 703 2866 ὅπερ
723 2780 917 2870 lotapatae
938 2781 1072 2870 δύναμιν
1096 2785 1168 2872 ἔχον

60 2883 150 2972 παρὰ
167 2889 232 2960 τοῖς
250 2887 416 2966 τραγικοῖς,
437 2901 498 2966 quo
521 2887 673 2967 significet
693 2881 842 2968 Λαέρτιος
860 2885 939 2951 idem
959 2887 1064 2952 volere
1084 2887 1168 2970 qued

63 2984 213 3072 Λαέρτης,
234 3001 292 3049 nee
314 2983 466 3064 adjective
488 2984 548 3050 diei
569 2993 603 3050 ut
615 2985 739 3049 latinum
751 2986 903 3069 Laertius,
917 2984 1050 3050 Ταινίαι
1066 3003 1169 3067 rapae

65 3099 125 3158 etc.
152 3087 208 3164 Qui
230 3101 304 3150 vero
327 3101 345 3147 a
367 3077 511 3168 Λαέρτης
526 3085 696 3150 derivatum
718 3082 923 3166 crediderunt,
943 3090 979 3148 ut
1000 3082 1168 3165 Gregorius

65 3211 97 3275 p.
118 3187 187 3254 488.
216 3184 256 3249 ad
283 3185 444 3266 epectasin
473 3186 606 3250 ionicam
634 3183 802 3262 collugere
830 3183 1040 3266 cenomanni,
1066 3199 1168 3266 neque

66 3289 130 3356 alia
149 3285 266 3350 ratione
288 3282 444 3362 explicaro
464 3289 632 3364 potuerunt
650 3275 826 3365 Ἀλητιάδης
844 3283 876 3346 in
896 3281 1014 3346 Gallina.
1027 3282 1074 3346 Fr.
1091 3282 1166 3347 Clll.

67 3385 156 3452 metri
183 3399 279 3446 causa
306 3382 474 3462 repositum
507 3399 564 3462 pro
589 3375 762 3464 Ἀλητλδης,
800 3375 1003 3463 Θυεστιάδης,
1038 3380 1120 3461 qued
1149 3397 1169 3446 a

68 3486 139 3550 licto
166 3483 288 3546 nomine
320 3474 466 3554 Θυίστιος
492 3488 655 3548 arcessunt
683 3480 780 3548 Crem.
807 3479 843 3544 ll.
864 3478 934 3546 324.
962 3472 1167 3564 Ὀρτστιιίδης,

65 3575 262 3665 Ἀγχισιάδης,
285 3579 323 3644 de
344 3597 406 3660 quo
428 3578 605 3658 Priscianus
626 3578 662 3642 ll.
686 3580 714 3662 l,
735 3578 785 3646 82.
808 3577 961 3642 Aeeteos
976 3578 1085 3643 detuit
1098 3580 1169 3646 Λο-

72 3679 214 3746 odiscdeo
242 3679 294 3744 eet
321 3678 507 3742 Aocdtstdee
540 3676 668 3759 secere,
703 3676 782 3758 fecit
812 3679 922 3742 cotem
948 3676 1168 3758 Apelleiacae,

73 3781 164 3864 poesi
185 3775 226 3842 ob
246 3777 414 3844 scelestos
435 3778 645 3858 nominativo,
667 3775 825 3857 quomodo
845 3774 995 3840 Laertius
1014 3774 1170 3841 Laertio-

74 3881 136 3944 deo.
177 3878 206 3942 Α
232 3876 407 3941 nominibus
436 3875 591 3940 secundae
614 3866 792 3956 Ἀρητιάδης
811 3873 899 3936 Arcti
919 3872 1015 3955 lilius,
1042 3875 1171 3955 Κροτω-

73 3975 188 4063 τιιάδης,
211 3969 419 4056 Φιλιπτιαίδης
433 3973 608 4040 Menander
628 3973 660 4036 in
680 3972 784 4054 Epipn.
803 3971 836 4035 in
855 3971 939 4037 l’iod.
962 3971 1065 4038 Sclrol.
1086 3990 1116 4053 p.
1137 3972 1167 4038 6.

68 4070 284 4162 Ἡφαιστιάδαι
304 4080 336 4138 el
359 4067 536 4156 Πυρῤιάδαι
557 4071 588 4138 ολ
607 4073 669 4141 νῦν
690 4067 854 4137 Μολοσσοὶ
871 4063 934 4136 άπὸ
949 4066 1083 4154 Πύρρου
1096 4073 1169 4140 Hes·
