2768 4994
224 250 293 324 ¹166
582 245 981 317 dissuasorium

228 415 300 486 205.
325 415 358 482 Τ.
379 415 415 483 11.
437 433 456 482 a
475 415 596 496 κῶλον,
617 421 651 482 ut
672 417 774 498 olunt,
795 407 922 488 Κωλιάς
943 412 1200 494 promontorium
1223 416 1359 480 numae.

229 515 392 600 Adiectiva
410 515 469 579 iao
487 515 539 580 ria
560 530 704 580 creseere
724 529 787 578 nou
808 519 950 594 constan
968 529 1041 576 uam
1061 507 1226 595 ἑρνθριάς
1248 517 1281 578 in
1299 515 1361 580 Ga-

230 615 290 682 teu.
312 613 350 682 de
372 613 480 680 Gener.
501 613 524 680 1.
546 611 677 696 tusus.
700 611 733 676 T.
756 610 820 678 xii.
841 628 937 695 pravo
957 611 1111 691 scriptum
1134 619 1189 676 est
1213 631 1275 694 pro
1297 609 1363 694 ἑρε.

228 710 332 798 τριάς,
357 729 417 806 pec
439 713 506 781 siue
526 711 601 777 vitio
624 709 779 776 Theocriti
800 727 911 776 versus
933 707 1051 774 xxvii.
1073 709 1126 776 72.
1143 705 1294 794 Ἄραρα,
1315 705 1360 794 μὴ

229 809 356 898 νεμέσα,
386 807 426 895 σὴ
452 805 578 893 {oppetis
604 803 707 874 οὐκέτι
734 803 842 893 πιστή,
872 808 925 874 ubi
944 803 1084 890 ἐρωμένη
1104 812 1280 890 corrigunt
1301 810 1360 876 sed

232 910 439 1002 quaerendum
471 908 592 976 videtur
619 925 732 974 nomeu
761 910 920 990 proprium
941 899 1089 988 Ἐηωιιάς
1125 911 1183 976 rel
1212 907 1360 994 Ἀρηιιάς

231 1015 283 1082 rel
312 1011 340 1080 si
366 1007 439 1092 quid
465 1009 595 1074 similius
623 1008 751 1089 reperiri
780 1013 895 1088 potest.
945 1003 1141 1091 Διχομηνιάς
1170 1010 1305 1087 (omiss.
1327 1011 1359 1072 in

233 1113 301 1196 ut.)
323 1110 444 1176 iterim.
466 1125 494 1172 v.
519 1107 588 1174 452.
610 1124 629 1171 a
650 1101 808 1190 διχόμηνις
827 1107 932 1190 potius
954 1124 1043 1189 quam
1064 1125 1085 1170 a
1107 1105 1300 1192 διχόμηνος,
1321 1125 1360 1170 ac

231 1209 440 1294 Nympharum
464 1206 589 1272 nomina
612 1200 816 1288 Ἐφυᾱριάὸες
842 1213 871 1274 et
898 1201 1121 1287 Mettvdpuides
1149 1207 1300 1288 pendent
1320 1224 1360 1270 er

233 1307 365 1392 simplici
380 1296 548 1388 ‘metrop
570 1306 662 1372 sicuti
684 1303 811 1372 eaedem
831 1303 909 1371 deae
922 1300 1082 1387 Μηλιάῦες
1098 1315 1268 1370 vocantur
1284 1308 1356 1370 Hes.

233 1419 265 1478 et
281 1399 507 1490 Ἐπιμηλιάλες,
527 1403 715 1487 breviusque
735 1401 874 1486 Μηλλδες
896 1411 927 1470 et
944 1396 1139 1486 Ἐπιμηλλὸες
1159 1423 1191 1470 v.
1215 1405 1357 1486 Bergler.

235 1505 274 1574 ud
294 1503 430 1588 Alcipm.
450 1501 500 1568 ΠΙ.
521 1503 576 1588 Ep.
593 1501 641 1568 11.
663 1512 696 1568 ut
708 1499 1017 1587 illae'Erpodptdsr.⁵³
1041 1501 1133 1566 Haud
1149 1503 1250 1568 aliter
1266 1520 1357 1586 quam

237 1596 436 1688 Hepupootdr
456 1601 632 1684 Stephanus
654 1603 801 1668 tritoolita
814 1605 1030 1686 interpretatur
1048 1596 1084 1665 τὸ
1101 1594 1282 1682 §idumeus
1302 1602 1357 1666 dc-

234 1709 282 1772 ιιεῖ
300 1696 363 1768 ἀπὸ
380 1701 438 1766 τοῦ
456 1693 615 1784 Ἀβᾶπιος
631 1693 674 1776 ὥς
690 1696 752 1766 ἀπὸ
767 1703 824 1767 τοῦ
835 1693 1225 1780 ‘microcosmon
1238 1695 1355 1782 Ὀλύμ-

235 1825 306 1882 rreop
323 1793 507 1884 Ὀλυμπιάς,
535 1797 592 1864 sed
613 1796 696 1866 odiit
715 1799 790 1876 ἴσως
817 1796 850 1866 di
870 1797 924 1866 rud
942 1794 1006 1866 ἀπὸ
1033 1803 1092 1866 τοῦ
1114 1793 1269 1884 Ἀβαντὶς
1296 1821 1356 1863 rra-

235 1899 339 1989 ρήχθη
360 1893 534 1980 destruitis
557 1894 705 1983 Λεσβιάς,
730 1892 842 1981 Ἀχαιλς
857 1893 1039 1982 'Apoecide⁵⁴
1065 1899 1154 1982 quod
1179 1903 1355 1966 assentitur

237 2003 341 2072 Sciet.
363 1998 465 2085 Apoll.
491 1999 512 2064 i.
533 1997 604 2064 637.
633 1993 786 2073 eomodo
810 1993 967 2076 ἐπένθεσλς
993 1995 1056 2064 ἐστι
1075 2000 1137 2062 τοῦ
1159 1999 1201 2062 ἆ·
1237 1993 1353 2080 τὸγὰρ

236 2097 349 2183 κύριον
372 2097 513 2176 dicento,
536 2103 567 2160 et
590 2096 694 2162 Schol.
715 2095 754 2162 ad
774 2097 865 2162 Bion.
880 2096 1010 2164 Gramm.
1032 2118 1061 2180 p.
1076 2097 1150 2164 850.
1166 2091 1352 2168 Ἑλικωνιάς

237 2194 430 2281 πλεονασμὸν
457 2191 517 2280 ἔχει
542 2197 601 2260 τοῦ
620 2203 653 2276 ci,
680 2195 822 2279 idemque
844 2194 904 2262 diei
924 2202 1028 2278 potest
1049 2193 1087 2260 de
1109 2199 1252 2262 caeteris
1269 2193 1351 2260 'Eie-

236 2299 348 2386 pueris
364 2290 564 2380 Ἐλεφαπιάς
583 2296 704 2376 (omiss.
724 2297 757 2358 in
779 2296 848 2378 Th.)
870 2295 987 2361 Philod.
1003 2295 1107 2376 Epigr.
1120 2295 1173 2360 iit
1195 2295 1304 2360 Anuli.
1319 2295 1348 2358 ii.

236 2399 286 2466 85.
307 2394 413 2480 {porto
433 2391 573 2480 lpotius,
592 2387 691 2468 Ἰωνίς
706 2387 841 2472 Ἰωνιάς,
868 2393 990 2468 Τιτανίς
1008 2391 1171 2471 recovrer,
1198 2397 1349 2460 Φαεθον-

236 2497 282 2574 τίς
306 2489 502 2570 demonicis
521 2512 549 2560 v.
566 2492 721 2558 Wemiok.
743 2493 783 2558 ud
804 2493 916 2576 Tryph.
939 2511 968 2574 p.
983 2491 1031 2557 73.
1055 2493 1210 2572 Κρεονιίς
1230 2495 1348 2560 Creon·

238 2595 279 2661 tis
307 2595 383 2680 iilia,
403 2594 489 2661 Piud.
513 2592 681 2674 eademque
706 2589 878 2676 Κρεοιιιιάς
897 2591 981 2657 Paul.
1004 2591 1057 2656 Sil.
1078 2591 1244 2668 Medovrtc
1264 2594 1348 2658 Aioi·

235 2693 337 2760 biudis
359 2694 532 2758 concubina
552 2698 584 2756 et
594 2687 772 2766 Μεδοιτιιὶς
786 2710 814 2756 v.
826 2692 954 2772 interpr.
971 2689 1010 2754 ad
1020 2691 1131 2754 Athen.
1148 2691 1217 2757 XII.
1232 2693 1305 2758 534.
1318 2691 1345 2756 F.

236 2793 367 2874 Lycoris
387 2791 521 2858 Cornelii
542 2788 620 2856 Galli
640 2792 739 2856 amica
759 2798 790 2856 et
809 2792 958 2871 Lycorias
980 2789 1113 2870 nympha
1129 2791 1218 2872 Virg.
1237 2793 1344 2869 Georg.

236 2891 286 2958 IV.
307 2889 379 2956 339.
405 2892 438 2956 Si
460 2896 562 2955 tumen
583 2907 687 2972 parem
717 2893 782 2955 iere
807 2890 1015 2971 exemplorum
1036 2891 1201 2970 utriusque
1224 2892 1345 2973 generis

236 3005 395 3056 numerum
423 2995 454 3056 et
476 2987 635 3072 aequalem
656 2989 688 3053 in
710 2991 851 3056 oratioue
873 3006 970 3072 prosa
998 3004 1087 3052 usum
1115 2991 1343 3071 perpendimus,

238 3085 414 3157 credibilius
439 3087 560 3154 videtur
587 3086 679 3169 alpha
702 3087 777 3151 iilud
804 3104 904 3169 neque
932 3088 1044 3152 deesse
1064 3103 1167 3168 neque
1188 3090 1344 3154 abundare

237 3185 295 3252 sed
315 3187 418 3267 potius
439 3187 472 3249 iu
491 3203 618 3252 numero
640 3187 796 3250 literarum
810 3187 966 3251 mobilium
988 3185 1176 3252 censendum
1198 3206 1277 3254 esse
1292 3207 1343 3253 er-

238 3285 337 3366 ceptis
366 3283 549 3368 quibusdum
576 3285 876 3367 paraschematistis,
906 3304 1036 3367 quorum
1066 3285 1278 3354 certissimum
1300 3294 1342 3352 est

238 3378 351 3467 Νηιάς,
373 3400 437 3450 uon
458 3383 532 3448 illud
554 3384 637 3467 quod
658 3384 698 3449 ad
714 3378 819 3467 Νήιον
839 3387 947 3450 referri
967 3390 1073 3466 potest
1095 3384 1201 3451 Schol.
1225 3387 1282 3454 Od.
1298 3387 1342 3452 IX.

237 3483 287 3552 22.
315 3483 369 3550 sed
392 3483 475 3567 quod
496 3499 553 3565 pro
576 3483 658 3566 Νηλς
679 3477 784 3557 Noricis
804 3483 901 3567 valet,
929 3490 961 3548 et
979 3477 1089 3566 μηλιάς
1107 3484 1139 3546 in
1160 3485 1218 3549 illa
1239 3487 1341 3552 ludicri

236 3581 384 3666 puellaris
405 3582 628 3648 acclamatione
649 3582 741 3664 φίπα
761 3577 920 3664 μαλιάόες,
940 3584 1034 3666 mirra
1053 3579 1152 3662 ῥοίαι,
1176 3585 1273 3666 φίττα
1291 3606 1341 3667 με·

235 3683 299 3747 ttae
318 3681 394 3748 Poll.
416 3681 465 3750 IX.
487 3682 555 3748 127.
584 3682 636 3746 uhi
663 3682 803 3774 Dryades
833 3683 904 3763 ipso
926 3681 1087 3764 arborum,
1114 3682 1230 3763 quibus
1253 3701 1339 3766 prae-

304 3906 350 3974 53]
368 3905 515 3974 Hdtychiils
533 3902 635 3963 Naides
651 3903 742 3970 aptore
758 3902 901 3974 ζεφυρίδες
917 3900 1028 3972 νύμφαι
1046 3917 1097 3958 scr.
1118 3901 1277 3975 ἒφυδρίδες.

303 4012 350 4079 54)
368 4013 442 4068 idern
459 4017 542 4083 Τροία
560 4017 592 4054 .t.
610 4012 641 4066 τὸ
657 4011 771 4066 &duretur
787 4010 870 4081 Τρώς,
888 4009 919 4065 τὸ
932 4009 1054 4077 θηλυκόν
1064 4015 1151 4081 Tomis
1162 4015 1212 4068 καὶ
1228 4011 1332 4084 Tomeos

237 4091 253 4161 ἢ
269 4095 345 4166 παρὰ
362 4095 393 4149 τὸ
414 4095 515 4167 Τρώιος
531 4095 645 4166 Τρωιάς.
734 4167 738 4180 .
