2788 4994
259 280 492 348 ADDENDA
519 279 588 345 ΕΤ·
611 265 930 351 C'ORRIGENDA.
1087 288 1152 356 515

9 446 219 529 iuliacense
239 441 320 520 τινὲς
338 441 414 520 τούς
434 441 469 508 ἐν
488 445 526 528 τῇ
546 440 691 529 θαλάσσῃ
710 442 948 529 τελευτήσαντας
967 449 1032 515 ΕΜ.
1055 489 1095 502 -
1116 453 1148 518 1..

9 548 71 614 ,4.
112 563 174 628 pro
202 540 339 627 Τελιφάη
361 561 421 630 sep.
448 545 520 625 Τηι.

123 646 159 710 Ρ.
181 645 232 710 41.
253 643 321 734 adn.
341 633 422 706 conl.
443 641 574 708 Meinek.
595 643 615 705 l.
639 659 664 707 e.
687 661 717 724 p.
740 642 808 708 121.

124 745 158 809 P.
180 744 229 808 43.
252 743 290 807 de
311 741 486 806 nominibus
506 743 539 804 in
558 727 611 804 ,ει-α
626 749 657 804 et
677 747 699 824 ῆ
720 740 799 805 adde
819 743 949 809 Meinek.
970 745 988 809 l.
1012 762 1037 809 c.
1051 763 1080 827 p.
1098 745 1148 810 46.

125 843 160 907 Ρ.
183 842 273 907 521.
296 841 343 906 16.
365 857 421 921 pro
443 843 569 920 peneus
591 856 652 904 scr.
672 858 780 905 serras.

125 942 161 1006 P.
181 941 230 1006 62.
251 941 270 1005 l.
291 937 320 1003 9.
343 938 526 1002 Plutarchus
548 940 684 1003 fortasse
706 939 770 1004 lum
791 941 921 1006 insulam
943 958 962 1006 a
980 942 1071 1007 violis
1085 960 1148 1008 no-

9 1060 110 1110 nen
132 1041 249 1104 habere
270 1038 388 1121 putavit
416 1043 450 1100 ut
476 1035 615 1101 Rhodum
643 1053 661 1101 a
689 1040 783 1103 rosis.
831 1039 865 1102 ln
899 1039 968 1104 adn.
995 1040 1042 1106 12.
1069 1041 1147 1107 adda

9 1137 208 1205 {etodium
236 1136 274 1200 de
300 1135 445 1200 Dichron.
472 1152 501 1217 p.
528 1135 598 1202 299.
625 1129 662 1199 τὸ
689 1132 786 1219 βάρος
813 1137 943 1220 (φᾶρος)
969 1136 1023 1204 καὶ
1045 1136 1166 1223 Papus·

9 1238 170 1321 Ρᾶρος)
198 1229 273 1317 παρ’
302 1228 448 1307 Ἀττικοῖς
473 1227 553 1298 κατὰ
578 1229 693 1316 χρόνον
719 1231 879 1319 appetuni-ry.
929 1239 1076 1303 Lehrsius
1115 1242 1147 1304 in

9 1335 294 1406 musulani.
318 1333 406 1399 1843.
429 1349 457 1413 p.
479 1332 548 1398 348.
570 1333 667 1415 diuos
693 1335 806 1399 retinet
832 1335 862 1398 id
890 1336 1014 1417 plantae
1035 1355 1147 1403 nomen

9 1455 114 1504 esse
136 1442 260 1518 putans
283 1436 371 1513 cujus
393 1431 495 1496 nullus
517 1448 609 1497 casus
630 1432 743 1512 legitur
763 1441 885 1512 praeter
906 1437 1073 1503 secuudum
1093 1434 1147 1519 βά·

9 1561 95 1621 pov
122 1543 155 1600 et
175 1539 315 1615 quartum
336 1526 435 1613 βαρον
456 1531 531 1612 (noo
552 1532 708 1614 accentu).
749 1531 906 1598 Hactenus
928 1535 1077 1602 incertum
1099 1546 1146 1602 est

9 1652 150 1719 genus,
172 1633 267 1715 051009
288 1647 327 1694 an
347 1630 566 1712 βᾶοον1ιιοιῑῑ.
664 1715 702 1725 .-

121 1733 157 1797 Ρ.
178 1731 227 1796 20.
249 1729 432 1794 Nominibus
451 1729 587 1792 virorum
607 1729 640 1792 in
667 1751 705 1792 ον
726 1729 909 1794 exeuntibus
931 1749 1011 1812 quae
1031 1734 1059 1800 b.
1081 1735 1100 1798 l.
1117 1743 1147 1800 et

9 1853 49 1916 p.
81 1832 141 1896 22.
164 1829 303 1912 tractavi,
326 1825 513 1891 conserenda
527 1832 599 1892 sunt
610 1827 664 1890 illa
676 1826 826 1891 Prisciani
840 1827 903 1892 Xll.
918 1830 989 1896 550.
1005 1830 1088 1911 (944.
1096 1835 1144 1914 Ρ.)

9 1931 177 2014 possunt
199 1929 297 1991 etiem
317 1925 479 1990 domimum
499 1928 635 1990 iuvenire·
662 1929 793 1992 nomino
822 1929 929 1990 cecini
956 1933 1082 2008 perceris
1109 1937 1146 1997 ut

10 2037 60 2097 im
87 2025 241 2092 mambae
263 2025 322 2088 Ιιοο
341 2023 472 2103 Rosiae,
496 2023 555 2088 luce
574 2023 770 2104 Heliconiae,
793 2027 826 2089 iu
847 2025 1010 2105 femininis
1029 2028 1145 2110 Glyce-

9 2134 131 2207 rium,
156 2124 316 2188 Dareium.
356 2123 474 2186 Basion
494 2125 563 2188 sine
583 2121 676 2187 dubio
697 2121 778 2186 idem
798 2123 950 2202 significat
976 2127 1060 2206 qnod
1087 2151 1144 2212 φι-

10 2222 189 2312 λημάτων
208 2223 337 2305 basium,
359 2222 559 2302 similiterque
579 2223 611 2285 in
633 2221 773 2308 dialectis
799 2225 983 2302 germanicis
1012 2226 1142 2310 aliisque

12 2326 153 2406 linguis
176 2322 348 2404 appellatur
367 2321 451 2384 Buce
473 2327 503 2383 et
524 2319 609 2384 Kese
629 2313 666 2383 τὸ
686 2314 788 2399 κύσαι,
809 2326 913 2402 aptum
935 2340 1012 2388 sane
1037 2330 1142 2409 pueris

15 2424 214 2509 puellisque
234 2437 355 2486 nomen.
398 2419 460 2485 Sed
481 2420 557 2483 mari
577 2421 605 2484 si
627 2419 778 2503 tribuitur,
800 2419 938 2485 neutrius
959 2430 1008 2487 est
1019 2428 1142 2504 generis
1207 2460 1211 2468 ·

16 2523 101 2608 (vel
123 2536 182 2602 per
203 2520 331 2600 synesin
357 2518 542 2600 masculini).
592 2519 644 2583 Sic
675 2525 707 2582 et
734 2518 876 2583 servulus
907 2522 995 2601 pueri
1019 2523 1143 2604 ingenui

17 2622 178 2689 collusor
198 2619 230 2682 in
250 2618 348 2682 Plaut.
370 2616 457 2696 Capt.
478 2616 512 2680 V.
533 2615 563 2698 3,
585 2616 613 2680 1.
634 2615 797 2696 Paeoniae
817 2625 948 2684 vocatus
966 2627 1032 2702 est;
1049 2615 1141 2703 'Epei-

15 2741 103 2787 τιον
133 2713 285 2800 ἐρώμενος
318 2719 504 2797 Ταοαντῖνοι
537 2749 579 2762 -·
606 2710 792 2797 Ναννάριον
822 2709 904 2792 εἶδός
934 2740 965 2782 τι
998 2713 1139 2802 ἀσώτιον,

22 2816 203 2898 Νανναοίς
223 2815 361 2889 κίναιδος
380 2815 453 2878 Hes.
475 2812 550 2877 illud
571 2815 663 2879 etiam
684 2814 853 2896 puellarum
875 2833 987 2883 nomen
1009 2817 1139 2901 Ναννώ,

21 2914 191 2994 Νάννιον,
214 2910 398 2994 Ναννάριον
420 2919 582 2992 cognatum
603 2913 697 2977 latino
721 2931 836 2994 uenus,
860 2933 965 2997 οοιιο,
988 2924 1020 2982 et
1039 2936 1139 2985 nanos

21 3032 162 3101 quoque
187 3015 220 3078 in
248 3013 365 3077 deliciis
395 3012 491 3076 luisse
521 3020 653 3078 constat.
710 3009 903 3078 Στατύλλιον
936 3003 987 3079 est
1020 3019 1139 3083 cinaedi

20 3130 151 3184 nomen
170 3113 260 3176 Antb.
281 3113 330 3178 Vl.
351 3111 421 3176 254.
445 3109 523 3174 Galli
537 3111 670 3190 Cybelae
683 3113 716 3175 in
729 3113 893 3194 galliambo
909 3114 1019 3179 Catulli
1035 3115 1153 3200 Gallae¹

23 3217 195 3294 dicuntur,
223 3213 256 3275 in
282 3210 409 3276 Luciani
435 3210 533 3273 Asino
562 3216 591 3284 §.
620 3210 669 3276 36.
697 3207 829 3292 αοράσια
855 3220 890 3277 ut
917 3214 955 3278 ab
982 3215 1138 3298 Appulejo

20 3313 171 3398 puellae.
218 3310 279 3374 Per
306 3310 433 3391 synesin
463 3324 539 3371 uero
570 3313 713 3374 scortum
742 3312 902 3377 eeotetum
929 3330 970 3378 ne
1004 3317 1074 3396 quis
1104 3319 1139 3380 io

21 3413 203 3498 proscenio
224 3409 337 3475 sedeat
357 3408 454 3472 Plaut.
475 3407 568 3471 Poen.
589 3407 670 3473 Prol.
693 3409 739 3475 17.

116 3509 150 3573 P.
172 3509 221 3572 12.
244 3506 313 3571 adn.
335 3507 384 3570 31.
408 3505 501 3570 adde:
529 3507 621 3570 Mella
643 3506 758 3574 Galliae
787 3510 957 3590 cisalpinae
978 3509 1088 3574 lluuius
1106 3517 1137 3576 et

26 3613 69 3676 ll.
93 3609 242 3672 Annaeus
263 3607 376 3686 Mella;
399 3606 494 3670 Tinea
514 3605 657 3670 Umbriae
678 3607 786 3673 fluuius
807 3614 837 3673 et
864 3609 959 3672 Tinea
979 3607 1137 3673 Placenti·

27 3724 93 3774 nus
114 3705 177 3770 Cic.
197 3706 282 3770 Brut.
306 3723 332 3770 c.
353 3704 405 3769 46.

59 3789 64 3802 ’
115 3804 149 3868 P.
171 3803 220 3868 73.
242 3802 382 3885 Ννκτηίς
402 3819 464 3866 una
485 3819 523 3866 ex
545 3801 655 3882 Nyctei
675 3803 794 3868 liliabus
819 3804 962 3885 Apollod.
983 3804 1033 3870 lli.
1054 3806 1083 3888 5,
1104 3805 1134 3870 5.

30 3914 63 3972 et
95 3920 133 3967 ex
161 3903 283 3983 multis,
311 3919 389 3985 quas
419 3901 533 3982 Apollo
562 3903 754 3984 procrearit,
785 3919 846 3966 una
875 3919 987 3966 nomen
1015 3905 1137 3984 accepit

26 4002 217 4076 Ἀπολλονις
242 4002 358 4066 Eumel.
386 4001 503 4078 uragu.
530 3999 606 4064 XVI.
634 3999 703 4065 405.
740 4000 787 4066 ed.
813 4001 1033 4070 Marclscbeli.
1053 4002 1137 4084 quod

29 4103 142 4168 nescio
173 4117 213 4164 au
241 4101 302 4166 illis
331 4099 480 4181 exemplis
506 4098 544 4162 ab
578 4099 742 4164 Hermannl
776 4101 954 4181 suspicione
989 4100 1137 4166 vindicari

860 4197 930 4265 33*
