2768 4994
15 414 176 497 γίνεται
197 407 358 490 Εὐξανιλρ.
369 411 397 450 ⁵²
430 413 561 478 Nomina
582 416 698 496 primae
715 415 935 486 declinationis
957 425 1100 492 feminina
1120 424 1169 494 ea

18 515 190 594 demque
211 530 275 577 non
302 531 379 595 pura
401 514 432 576 iu
454 535 482 587 ις
503 521 661 580 transeunt
681 510 821 601 Εὐρώπη
841 513 1003 602 Εὐρωπίρ
1026 517 1168 613 Ἑρυθλχη

7 608 221 696 ’,Εᾳυσιχλς
249 607 355 694 εἰρήνη
375 611 521 694 Elpeum,
549 605 697 697 Ἠλέκτρα
715 608 869 700 Ἠλεκτρλς
889 615 997 704 (πύλη)
1019 625 1075 688 sed
1095 628 1167 708 ple-

16 729 186 793 rumque
215 712 359 774 feminina
386 710 425 773 ab
453 710 612 791 adjectivis
640 721 816 778 mutuantur
836 719 984 798 Konna,
1009 714 1165 806 Ἀθηνᾶς,

11 806 195 893 ’Λφεταλς
223 803 323 890 (ὁδός)
346 803 470 886 ‘Hpct9‚
507 811 634 886 Φωκαῒς
663 810 846 900 (Φωκαευς)
866 833 925 881 uec
944 836 1015 884 raro
1036 846 1059 886 α
1080 833 1111 890 et
1132 849 1165 891 αι

17 913 75 974 ἰιι
112 915 136 993 ἡ
165 915 289 973 vertunt
314 903 436 990 Λιλύβη
460 908 589 988 Dionys
611 909 681 976 469.
703 915 867 997 Λιλυβηλς,
884 910 997 1001 Ἀλύβη
1014 913 1162 1007 Ἀλυβηλς,

11 1004 158 1092 Ἰὁηλς,
186 1001 315 1091 ἀρεληίς,
346 1023 475 1088 quorum
496 1008 528 1070 in
549 1008 775 1076 similitudinem
795 1013 827 1076 ui
847 1016 1069 1092 synecuromaa
1097 1031 1162 1108 tra

21 1108 146 1172 ducta
176 1114 248 1172 sunt
275 1102 394 1188 ἐλατηλς
413 1106 480 1171 Nio.
502 1111 532 1170 et
518 1106 707 1200 Κυβιληλς
733 1110 834 1176 Noun.
854 1113 968 1179 XLVII.
988 1116 1058 1182 240.
1090 1103 1161 1187 ua

23 1207 176 1270 soulina
197 1223 253 1288 pro
266 1227 304 1288 ης
335 1206 490 1285 accipiunt
518 1227 546 1278 ις
571 1204 678 1288 Αλητίς
699 1207 851 1288 (omiss.
840 1228 874 1274 m
896 1213 966 1296 Th)
986 1217 1075 1285 anth.
1099 1222 1160 1289 Vll

21 1306 97 1370 50.
121 1298 302 1387 Εὐφραιλς,
324 1302 500 1384 Λυκαμβλς,
522 1303 662 1370 sednon
683 1325 753 1372 raro
777 1311 866 1374 etiam
888 1311 979 1392 alpha
1001 1297 1159 1402 adoptant

22 1405 179 1468 Aeetias
195 1403 280 1469 Ovio
292 1398 577 1484 Λυκαμβιάςλιιλλι.
591 1405 652 1470 llll
668 1407 715 1470 70
730 1404 884 1488 τελωνιιλς,
899 1405 1102 1492 Ὀρέστιιι-
1060 1415 1158 1486 -τὸ

22 1497 194 1584 θηλυκόν
205 1495 339 1585 Ὀρεσιλς
354 1499 406 1565 καὶ
413 1495 570 1582 ‘opacam
584 1503 686 1585 Steph.
700 1513 730 1569 et
747 1508 947 1589 nympharum
965 1511 1158 1586 Orestiadum

25 1618 179 1683 nomen,
211 1600 293 1682 quod
320 1600 493 1680 Hesychius
522 1617 590 1664 oum
614 1599 697 1666 ἓσιλιι
727 1609 928 1688 compositum
957 1609 1045 1692 dicit,
1076 1617 1157 1686 haud

27 1699 173 1764 aliunde
194 1698 392 1780 repetendum
415 1716 506 1782 quam
526 1699 565 1763 ab
582 1701 784 1766 intermortuo
806 1697 946 1790 ὀρέσιης,
982 1713 1064 1777 sicut
1092 1717 1157 1798 cy..

30 1815 123 1880 prus
155 1815 175 1861 a
196 1798 334 1863 Cerastis
355 1799 466 1864 ineolis
487 1816 600 1863 nomen
621 1802 742 1881 aceepit
759 1804 909 1884 Κερασιλς
919 1803 971 1868 καὶ
984 1811 1157 1894 Κερασιιὰς

30 1897 157 1977 Stcplr.
186 1897 261 1962 ltem
283 1915 301 1959 a
322 1897 497 1962 nominibus
511 1898 667 1963 secundae
681 1898 894 1966 declinationis
910 1903 1047 1973 derivata
1061 1915 1153 1981 modo

31 2012 141 2059 unum
170 1996 283 2058 exitum
311 1996 425 2060 habeut
453 1997 583 2078 θεωρίς,
602 1990 729 2077 ’,Ελιειλς
756 1992 1002 2088 Ἅλιιιαρνασσλς,
971 2011 1152 2094 ςΚελιίς,

30 2092 140 2158 ruodo
164 2091 337 2173 duplicem'
335 2091 468 2178 Ἀμνισις
485 2088 651 2178 Ἀμνισιιλς,
673 2099 844 2180 Κινιαυρίς
865 2103 1066 2188 Κενταυριάς,
1088 2115 1152 2176 Λα.

31 2191 121 2265 τινλς
150 2188 315 2272 Aminea,
345 2195 495 2276 Πελασγλς
523 2191 696 2276 Πελασγιιλς
723 2204 753 2261 et
780 2216 799 2260 a
825 2195 946 2281 φύλλον
966 2221 1029 2269 nou
1051 2211 1151 2278 solum

32 2284 166 2374 φυλλάς
192 2297 224 2354 et
251 2292 360 2373 φυλλίς
388 2293 557 2357 sedetiam
579 2291 727 2377 ρυλλιιλς,
758 2295 795 2360 de
824 2300 935 2379 quibus
958 2302 1152 2376 Grammatici

33 2389 248 2452 dissentiunt:
275 2391 456 2455 Eustathius
479 2391 518 2456 ad
537 2393 626 2457 Dion.
646 2394 735 2458 1143.
763 2393 913 2462 Κωλιάδα
933 2403 1031 2483 νῆσοι
1051 2429 1152 2492 cappo

33 2481 246 2568 cumdum
225 2510 245 2568 η
267 2489 395 2552 mattea
414 2487 623 2573 τρισυλλάβως
643 2487 722 2556 κατὰ
743 2493 913 2580 epyscopo,
935 2518 996 2580 quo
1014 2521 1081 2569 eum
1099 2510 1151 2573 ad·

34 2587 130 2651 duxit
152 2602 264 2649 nomeu
283 2587 376 2668 longo
392 2589 546 2655 diversum
560 2586 739 2664 Κωλιάς
705 2614 799 2668 ιοπος
816 2588 994 2680 ’Aaronom‘
974 2622 1082 2682 opoco9
1096 2601 1149 2671 ἆν-

32 2679 177 2768 θριλιιου
203 2680 293 2771 κώλῳ
320 2686 392 2750 Hes.
420 2687 476 2751 sed
505 2689 619 2752 eortius
648 2707 806 2772 syncopae
827 2697 999 2815 exemplum
1019 2705 1150 2782 praebet

36 2783 238 2858 Κασπλς.-
262 2749 361 2848 l‘lliter
381 2802 456 2850 vero
472 2787 648 2868 Stephanus
664 2791 810 2872 Καβειρίς
829 2789 914 2875 παρὰ
933 2792 969 2859 τὸ
985 2796 1146 2885 Κάβειρος,

35 2878 210 2966 Kassopia
231 2878 264 2946 δε
284 2877 368 2964 παρὰ
387 2881 423 2947 τὸ
445 2886 610 2968 Καβείριος
631 2895 662 2952 et
685 2887 922 2972 Ilupvoccccct9’
905 2891 967 2964 απὸ
987 2902 1044 2964 τοῦ
1062 2905 1148 2989 Παρ

35 2979 169 3056 ucecia
195 3004 249 3046 και
278 2984 456 3064 Παρνασσίς
488 2981 573 3067 παρὰ
603 2982 640 3050 τὸ
669 2987 912 3068 Παρνασσός
889 3015 931 3068 ως
968 2999 1156 3084 Τευμησσίς,

35 3099 132 3166 quern
161 3083 322 3146 transitum
351 3083 596 3149 terminatiouum
625 3086 664 3151 ab
692 3109 739 3162 co9
764 3089 798 3152 in
825 3111 874 3165 ιας
894 3095 970 3158 satis
994 3102 1147 3167 testantur

36 3180 195 3260 adjectiva
207 3182 293 3260 prius
309 3179 403 3242 allata
415 3173 511 3266 αλιάς,
531 3182 698 3265 pausatum,
720 3183 848 3263 πθντιάς
868 3193 1039 3276 etreliqua,
1063 3215 1147 3280 quo-

36 3295 107 3343 rum
134 3295 225 3340 uuum
254 3284 338 3341 certe
359 3276 503 3356 Κασιιιλς
523 3285 597 3348 nulli
623 3287 776 3366 primitivo
805 3296 909 3368 aptum
931 3303 1143 3377 praeterquam

36 3393 118 3460 puro
139 3371 288 3449 Κάσιιος
323 3376 385 3440 Sed
407 3384 436 3440 et
454 3396 548 3446 anon
569 3386 655 3465 puris
678 3387 750 3450 talia
772 3387 844 3449 oriri
866 3388 1047 3456 documento
1071 3405 1144 3461 suut

36 3470 204 3552 Λαιινιάς,
230 3475 278 3537 cui
299 3475 373 3538 nihil
394 3481 548 3545 antecedit
569 3489 811 3559 extranaeum
833 3494 862 3550 et
878 3491 1011 3573 Λαιινίς,
1034 3491 1111 3557 ab”
1089 3519 1142 3558 αι

37 3595 114 3658 ιρον
135 3566 272 3656 ἀπριάς,
305 3593 324 3640 a
351 3579 453 3644 νῶτον
473 3575 585 3654 νωτιάς
606 3581 739 3664 (φθίσις)
761 3585 907 3665 Hippocr.
927 3585 965 3650 de
986 3590 1083 3656 Morb,
1105 3595 1140 3659 11

106 3821 151 3891 52)
176 3823 249 3878 llaec
274 3824 349 3881 aliter
372 3829 467 3895 scripta
491 3834 550 3883 sunt
567 3845 592 3897 p.
611 3830 669 3895 210,
686 3832 712 3886 8.
732 3831 873 3890 Αὐξέντιος
889 3833 1070 3902 Αὕξεντιάδις
1086 3847 1137 3897 etc.

38 3907 182 3962 Auxentios
214 3907 361 3975 complures
391 3914 559 3978 cognovimus
590 3913 749 3980 temporibus
774 3915 935 3985 christianis,
964 3919 1138 3980 Euxantluum

40 3990 148 4051 nullum;
173 3991 309 4046 consimile
331 4007 426 4048 nomen
451 3993 602 4056 Εὐξύνθιος
634 3997 660 4050 in
685 3998 763 4054 codd.
789 3999 872 4056 Strab.
898 4001 927 4056 X.
954 4004 1012 4062 478.
1039 4005 1137 4066 Coraes

40 4072 167 4132 Εὐξίθεος
185 4072 351 4129 scribendum
368 4081 450 4144 putat.

77 4175 179 4224 Ltrbeck.
197 4175 334 4239 Pettltolcg.
889 4186 930 4250 30
