2770 4992
181 232 227 300 56
543 225 868 296 nlsrsnnrnrl'o
903 227 924 292 l.

1379 345 1380 372 l

182 396 240 462 τοῦ
255 392 484 480 σημαινομένου
496 390 806 480 παραλαμβανόμενα,
829 389 957 476 ἐργάτης
976 389 1145 476 ἐργατίνης,
1167 387 1297 474 ἄπειρος

183 489 327 580 ἀπείρων,
342 492 443 578 ἅμαξα
457 490 749 578 ἁμαξοία.ΑμοίΙοο.
764 493 802 558 de
817 492 949 557 Adverb.
963 492 1033 558 570.
1051 493 1154 558 Schcl.
1168 493 1202 558 ss.
1214 493 1295 558 xxi.
1379 497 1380 566 ζ

186 593 255 662 141.
269 596 380 676 partim
393 595 531 680 diversa:
565 593 595 658 οἱ
614 589 818 676 γραμματικοί
837 585 892 666 τὰς
910 585 972 656 ἀπὸ
992 584 1156 673 ὀνομάτων
1174 613 1298 672 coero-
1341 624 1345 628 ·
1379 575 1380 666 ί

185 688 294 761 τύπων
304 692 520 779 παραγορένας
532 689 623 772 λέξεις
633 689 711 775 φασὶ
722 690 955 772 παρονομασίας
971 685 1013 766 ὦς
1028 684 1090 756 ἀπὸ
1108 692 1166 756 τοῦ
1180 691 1299 772 λευκοῦ
1379 675 1380 728 ί

186 789 321 868 Λεύκιος
346 789 400 859 καὶ
423 789 527 874 τρυφή
548 793 680 874 τροφῶν
702 786 876 873 (Τρύφων)
898 787 1046 866 calderio
1065 793 1151 855 θεων
1172 786 1297 873 (Θέων)

185 888 295 964 leand.
325 893 386 957 Sic.
408 891 446 957 ad
467 881 609 972 Hermog.
632 891 666 956 ll
688 888 716 954 5.
738 907 767 970 p.
789 889 859 954 410.
888 891 920 956 Τ.
943 890 1013 954 Vl.1
1055 890 1113 966 Qui
1134 907 1210 954 vero
1233 906 1298 953 no-

186 987 269 1072 mina
297 991 442 1056 universa
464 991 630 1070 generibus
657 989 833 1056 describere
855 991 959 1054 conati
980 997 1068 1074 sunt,
1095 1007 1187 1071 quum
1209 987 1299 1053 deri-
1379 1055 1380 1062 p

187 1090 291 1152 vativa
311 1089 343 1152 in
364 1091 498 1172 quinque
519 1087 714 1168 redegissent
742 1088 882 1172 ordines,
911 1089 1207 1170 patronymicorum,
1238 1087 1299 1150 de-
1379 1151 1380 1174 2

186 1187 411 1270 minutivorum
432 1189 695 1272 possessivorum,
715 1189 1003 1270 comparativorum,
1027 1186 1299 1268 superlativorum,
1379 1191 1380 1258 l

189 1283 309 1368 dehinc,
331 1284 476 1368 quidquid
497 1287 607 1368 reliqui
628 1295 705 1370 crat,
727 1288 817 1368 quasi
838 1304 965 1354 censum
984 1291 1114 1366 agentes
1129 1286 1160 1348 in
1173 1291 1299 1348 sentam
1379 1279 1380 1336 ἲ

189 1384 404 1464 constiparunl
426 1384 560 1452 classem
581 1402 680 1467 caque
702 1386 844 1451 dixerunt
865 1403 1050 1468 paronyma‚
1070 1401 1134 1448 non
1154 1401 1216 1464 quo
1240 1401 1300 1447 ce·
1379 1421 1380 1450 v

190 1488 257 1547 tera
285 1483 376 1546 alium
404 1501 495 1565 quam
523 1501 542 1548 a
569 1486 744 1550 nominibus
772 1491 871 1550 ortum
892 1484 1027 1548 habeant
1049 1483 1105 1548 sed
1125 1485 1198 1564 quia
1217 1483 1300 1548 haec

189 1598 255 1644 coc
283 1579 323 1644 cd
352 1582 463 1664 clipeo
484 1585 617 1664 speciali
642 1583 880 1664 claudicatione
907 1586 945 1646 ot
970 1599 1071 1662 sopra
1092 1583 1197 1646 dictae
1219 1598 1300 1662 spc-

191 1681 255 1750 cr'ec
277 1681 433 1762 appellari
449 1687 603 1763 possunt,
639 1685 752 1765 quippe
770 1682 897 1764 formos
914 1682 1074 1762 plurimos
1096 1685 1128 1745 ct
1150 1681 1300 1745 diversas

190 1778 443 1859 οίροηίοαίίοαω
464 1783 629 1862 complace
648 1779 797 1847 Priscian.
811 1782 859 1846 lv.
874 1781 901 1846 1.
923 1779 1239 1864 V111.13‚407(822)
1260 1774 1300 1843 τὸ

190 1874 383 1961 παρώνυμον
402 1873 501 1943 πολλὰ
521 1875 633 1964 ἐδηίου
646 1917 687 1928 -
701 1875 765 1944 ἐπεὶ
786 1869 846 1944 οὖν
866 1872 927 1944 οὖα
946 1874 1077 1942 ἐδύνατο
1098 1874 1128 1955 ἐξ
1149 1871 1225 1952 ἑνὸς·
1239 1872 1301 1961 τὴν
1379 1891 1380 1916 ³

191 1972 363 2062 ὀνομασίαν
389 1975 481 2063 ἔχειν,
509 1975 544 2044 ἐκ
565 1981 623 2043 τοῦ
643 1974 859 2062 παρεπομένου
879 1979 973 2042 πᾶσιν
987 1974 1111 2061 ἐκλήθη
1132 1978 1237 2043 schol
1259 1978 1302 2043 ad
1364 1975 1371 1984 ’

183 2080 281 2144 'Dion
297 2079 425 2144 Gramm.
439 2077 509 2144 850.
542 2079 644 2144 Nihilo
659 2081 763 2144 secius
777 2079 868 2159 hujus
882 2079 1013 2142 miscelli
1024 2079 1148 2158 generis
1163 2079 1301 2160 quinque

191 2178 395 2262 differentias,
424 2195 504 2260 quae
525 2195 600 2260 prac
622 2180 735 2243 ceteris
757 2179 890 2244 eminent
912 2185 1004 2259 atque
1026 2171 1192 2260 apparent,
1219 2195 1302 2258 pro-

191 2279 268 2359 priis
290 2279 479 2358 inscripsere
499 2278 689 2342 nominibus:
709 2272 890 2358 accommodi,
913 2272 1032 2356 ἐθνικοί,
1053 2274 1300 2358 μετουσιασωκά,

192 2373 295 2458 κύρια,
311 2369 390 2440 κατὰ
403 2376 461 2438 τοῦ
474 2369 574 2440 αὐτοῦ
589 2378 636 2459 (ut
649 2373 818 2460 ἐργατίνης)
835 2376 938 2440 Schol.
952 2377 1042 2440 Dion.
1049 2376 1068 2440 l.
1076 2393 1102 2440 c.
1124 2377 1209 2442 Haec
1222 2394 1301 2441 vero
1379 2383 1380 2450 l

194 2473 378 2560 descriptio,
407 2492 467 2554 qua
494 2491 609 2554 genera
635 2477 791 2540 nominum
813 2474 950 2555 disparia
970 2474 1156 2540 distantibus
1180 2476 1302 2540 clocis
1379 2489 1380 2532 i

194 2570 395 2654 colliduntur,
423 2574 496 2636 nihil
525 2573 564 2638 ad
590 2591 649 2638 nos
678 2576 788 2638 attinet
815 2575 867 2653 qui
895 2567 1090 2638 substantiva
1110 2592 1129 2638 a
1149 2575 1304 2638 substan·
1379 2559 1380 2566 ί

194 2671 266 2735 tivis
295 2670 387 2734 ducta
415 2671 536 2735 tradere
563 2674 778 2737 constituimus
807 2689 903 2752 opera
931 2673 1113 2753 tripartita'
1141 2672 1303 2755 Quumque

193 2773 226 2835 in
247 2771 345 2851 prima
366 2776 454 2851 parte
476 2768 620 2852 exposita
642 2773 703 2836 sint
725 2789 804 2852 qnae
820 2771 950 2834 diversis
964 2771 1093 2835 flexibus
1107 2771 1187 2834 idem
1201 2773 1303 2853 signi-

194 2870 296 2952 ficant,
317 2870 348 2932 in
365 2869 500 2936 secunda
514 2887 593 2952 quae
606 2871 777 2934 masculina
790 2871 946 2951 positione
958 2887 1070 2953 mares,
1091 2871 1232 2934 muliebri
1253 2873 1304 2934 le·
1379 2895 1380 2904 ¹

194 2970 304 3054 minas,
317 2976 461 3051 superest
476 2971 598 3033 tertium
611 2986 719 3052 genus,
734 2973 822 3048 cujus
838 2975 910 3032 sunt
927 2969 1060 3049 quinque
1077 2971 1200 3050 species
1213 2972 1304 3051 prin·
1379 2991 1380 3044 3

195 3069 332 3152 cipalcs‚
354 3069 582 3150 patronymica,
604 3068 768 3151 gentilicia,
789 3068 1053 3151 comprehensiva,
1077 3069 1303 3153 amplificarem,

194 3168 385 3233 nominalis.2
423 3166 485 3232 Sed
507 3173 633 3248 superat
654 3168 763 3247 ingens
785 3167 993 3230 derivatorum
1016 3174 1150 3250 caterva,
1172 3185 1304 3248 quorum
1379 3189 1380 3216 r

194 3283 253 3330 neo
274 3269 399 3331 nomina
421 3266 499 3330 tradi
520 3273 653 3347 possunt
674 3283 732 3329 nec
753 3265 861 3345 regula
885 3272 1029 3350 apparet,
1058 3268 1130 3346 quia
1156 3281 1230 3329 non
1243 3284 1305 3330 una

195 3366 246 3428 via
268 3364 406 3429 derivata
427 3371 498 3429 sunt
522 3364 578 3428 sed
599 3365 738 3447 pluribus
761 3372 797 3428 et
812 3382 876 3428 non
890 3364 929 3428 ad
942 3366 1088 3429 amussim
1104 3365 1230 3429 directis
1246 3383 1307 3430 nec
1379 3333 1380 3430 ί

196 3481 268 3528 raro
284 3466 360 3527 conl
359 3465 433 3528 usis
467 3463 533 3528 lam
554 3463 623 3528 illas
644 3471 776 3544 quatuor
790 3465 923 3547 species,
946 3481 1024 3544 quae
1037 3465 1069 3527 in
1083 3464 1200 3528 scholis
1218 3470 1304 3529 trac-
1379 3507 1380 3540 p

198 3565 257 3628 tari
278 3562 397 3647 solent,
423 3581 487 3627 non
515 3564 596 3627 ultra
616 3564 763 3644 attingam
784 3564 845 3627 nisi
867 3580 928 3644 qua
955 3564 1123 3630 cohaerent
1143 3564 1192 3628 liis
1215 3581 1305 3630 erra·
1379 3567 1380 3616 t

257 3812 293 3880 l)
324 3814 390 3876 Quin
417 3816 496 3871 etiam
519 3813 626 3869 verbale
650 3810 743 3876 ἐλάτης
766 3813 967 3868 donatricem
987 3813 1176 3882 Hieracoscph.
1200 3816 1302 3883 pler.

199 3895 263 3950 dicit
279 3896 426 3948 καλεῖσθαι
443 3895 614 3966 παρωνύμως
632 3894 679 3948 διὰ
696 3894 726 3947 τὸ
744 3894 917 3949 ἐλαύνεσθαι.

265 3996 294 4063 2)
317 3996 432 4062 lntelligi
456 3996 517 4049 volo
537 3993 754 4064 κυριωννμικήν,
780 4009 831 4064 qua
848 3999 993 4054 communia
1010 4001 1138 4053 mutantur
1156 4000 1182 4051 in
1200 4001 1304 4068 proprie
1379 3985 1380 3988 ¹

198 4079 271 4139 llic,
295 4078 411 4138 Οἰωνός,
429 4076 554 4148 Ἀγλαός,
575 4076 686 4148 Σάμος,
706 4079 765 4142 ”idq
787 4084 837 4134 etc.
