2772 4992
21 275 110 340 DE
134 272 235 339 ΜΟΜ.
249 269 633 349 quattuordenum
649 269 856 344 nunninus.
880 273 912 338 C.
927 275 976 341 lv.
997 283 1027 353 §-
1046 280 1073 345 7.
1107 281 1177 354 686

14 473 129 520 oum
162 471 234 520 esse
263 453 417 517 oredimus
445 467 601 533 sponsore
629 450 829 530 Theognosto
851 472 881 535 p.
905 456 954 522 75.
980 455 1020 526 τὰ
1040 459 1083 536 είς
1099 449 1178 538 §vop

14 557 108 620 εἴτε
142 549 308 638 βαρύνεται
321 552 378 615 aire
393 545 532 628 ὀξύνεται
549 547 606 612 edre
618 546 712 629 κύρια
724 550 782 614 εἴτε
795 550 1001 636 προςιηιοριιιά
1015 555 1067 622 διὰ
1078 563 1137 626 τοῦ
1150 571 1175 628 ri

13 649 214 737 γράφεται
237 646 377 730 Νίρυτος
397 671 424 714 ιι.
447 670 472 716 τ.
492 649 518 710 ί..
547 647 757 736 Σισημείωται
774 643 810 712 τὸ
831 645 952 726 diotone
965 648 983 718 ὅ
996 651 1104 734 ἄδικος
1117 659 1171 726 καὶ

15 749 183 836 μιαρός,
199 753 246 815 oui
259 750 352 830 adJioi
366 745 615 830 potestBiroirog
628 761 741 810 nomon
750 747 827 812 Galli
840 752 971 832 Appian
984 755 1084 820 Mithr.
1096 760 1169 832 CXI.

16 853 135 919 Gall.
149 852 213 924 ΧΠ.
229 848 370 932 (omiss.
362 863 393 910 nn
404 847 472 924 Th.)
489 861 587 926 eaque
601 843 806 927 diphthongus
822 854 917 914 totam
929 851 1009 919 hano
1024 855 1168 928 familiam

17 950 200 1018 obsidet:
223 943 325 1022 ἀλιτός
346 942 399 1009 καί
410 939 565 1010 ίπτνθίσει
580 944 639 1006 τοῦ
656 966 674 1007 ο
659 937 841 1020 αλοιτος
819 970 839 1029 η
850 945 936 1027 παρα
944 972 981 1014 το
996 946 1107 1041 ἄλοιηῖν
1120 954 1166 1024 ἓν

14 1057 106 1116 θεν
122 1038 531 1130 suspendendorum
545 1019 1104 1125 κοιναὶὰμαρτίαικαίνἰλοιτιύιινΕΜ.
1114 1053 1164 1142 69,

16 1151 92 1216 48
117 1149 223 1213 Gram
237 1147 258 1211 i.
272 1145 321 1210 to.
334 1134 706 1226 ἀλοιτήειςιιίλοιτεύειν
721 1159 769 1223 ap
786 1144 858 1210 Hes.
879 1147 917 1211 do
936 1151 1047 1230 quibus
1062 1155 1163 1224 minus

18 1250 227 1314 deliberate
249 1244 384 1326 disputat
403 1242 582 1310 Karstenius
597 1241 636 1305 ad
650 1242 777 1324 Emped.
793 1259 822 1324 p
837 1244 907 1310 300.
922 1246 1163 1324 Choerohosous

16 1365 174 1429 verop.
191 1343 258 1411 169.
282 1342 460 1424 epenthesis
478 1340 590 1404 illius
581 1357 738 1403 immemor
754 1335 880 1424 αλείτης,
902 1345 1009 1430 iuquit,
1029 1371 1115 1432 παρα
1100 1347 1164 1420 τὸ
1259 1385 1261 1392 ’

20 1443 288 1529 ἀλοίτηςτροπῇ
300 1443 355 1524 τῆς
367 1463 397 1505 οι
410 1439 452 1514 είς
467 1459 500 1517 tt,
517 1445 549 1502 ui
564 1445 595 1502 ei
607 1437 747 1503 Eustath
761 1440 830 1522 717,
845 1441 893 1506 27.
914 1437 1020 1509 οίλείτω
1039 1443 1163 1528 ἀλοιτός

21 1543 82 1623 ὡς
126 1548 219 1610 λείπω
245 1537 353 1614 λοιπός
381 1541 419 1610 os,
442 1536 531 1620 1529,
552 1536 601 1600 51.
631 1537 715 1617 qnod
743 1545 851 1602 eontra
877 1541 929 1606 alii
949 1537 1072 1630 ἀλοίτης
1093 1567 1162 1622 pum

24 1639 218 1712 aeoliao”
199 1663 324 1721 ονοιρος
346 1641 569 1720 compararunt.
602 1637 757 1700 Mineruae
776 1638 933 1718 epitheton
955 1639 1068 1720 ἀλοῑιις
1087 1650 1160 1729 [ηρ.

25 1745 125 1818 936,
158 1743 252 1824 (unus
281 1738 348 1804 eod.
376 1732 502 1816 ἅλοιτις)
530 1733 603 1815 quid
636 1735 800 1816 significet,
834 1753 897 1800 non
930 1749 978 1804 est
1012 1746 1157 1814 traditum

27 1851 155 1907 uirum
176 1834 334 1922 ιἰλιτηρίαν
360 1842 394 1902 ut
418 1827 582 1915 Ἀφροδίτη
603 1826 715 1896 ἀνοσία
734 1833 844 1898 Athen.
865 1835 941 1902 Xhl.
962 1839 1031 1906 589.
1052 1844 1085 1908 Β.
1108 1847 1160 1913 vei

27 1949 71 2006 ut
104 1933 190 2014 Ζεὺς
211 1932 383 2020 ἀλιτήριος,
412 1927 553 2010 ἀλάστωρ
575 1936 606 1995 ei
625 1933 817 2012 παλαμναῖος
837 1937 1056 2015 parricidarum
1085 1945 1158 2010 vitl-

30 2041 124 2124 dex,
148 2056 189 2104 an
211 2031 359 2117 direptio,
382 2031 536 2114 quomodo
554 2024 672 2113 'adivisus
692 2025 911 2115 ἡΠερσεφόνη
932 2030 981 2099 ὅτι
1000 2034 1075 2112 τοὺς
1095 2059 1159 2104 πυ-
1265 2045 1268 2052 ’

30 2137 126 2218 ρούς
147 2131 295 2210 amoma
314 2129 454 2215 πέμματα
474 2123 554 2213 αὐτῇ
570 2125 760 2214 προςὲφερον
778 2132 843 2196 ΕΜ.
860 2147 928 2198 nam
942 2133 1018 2200 deae
1033 2138 1159 2208 Dteda

32 2238 93 2301 lae
110 2237 207 2302 etiam
222 2234 371 2298 molarum
385 2231 592 2296 inventionem
610 2230 787 2295 attributam
808 2248 879 2300 esse
902 2249 964 2297 non
985 2245 1154 2320 repugnnt3

33 2335 219 2416 denique
211 2351 242 2397 m
270 2333 329 2398 hoo
352 2337 417 2394 toto
441 2345 553 2410 genere
574 2329 681 2395 literae
708 2352 728 2412 η
749 2351 775 2394 ιι
796 2339 824 2394 et
846 2352 876 2394 οι
902 2333 947 2396 ita
974 2336 1057 2398 vario
1086 2353 1157 2417 por

33 2436 218 2498 miscentur
239 2438 273 2495 ut
294 2429 450 2495 dubitandi
472 2428 573 2492 nullus
595 2430 635 2492 sit
655 2429 733 2494 hnis.
766 2430 885 2494 Velut
877 2447 908 2495 rn
931 2432 1034 2504 schol,
1048 2433 1081 2496 ll
1105 2433 1162 2502 Li

35 2535 117 2597 571.
147 2551 188 2594 τα
209 2530 251 2604 εἰς
272 2553 300 2612 ις
320 2524 493 2612 παρώνυμα
517 2521 641 2610 θηλυκὰ
667 2528 872 2610 παρακείμενα
896 2533 961 2604 τοῖς
981 2531 1023 2604 είς
1046 2555 1080 2613 ης
1100 2530 1154 2612 ἀρ
1233 2585 1235 2590 .

36 2634 182 2705 ominosa
209 2624 432 2712 βαρυνομένοις
459 2626 701 2709 προπερισπᾶται
727 2627 754 2690 τί
780 2623 874 2709 φύσει
893 2631 997 2716 μακρᾶ
1016 2629 1153 2715 παραλή-

36 2751 144 2810 νοιτο,
160 2729 332 2811 πρωθῆβις,
345 2729 491 2810 πολιητις,
511 2718 629 2802 ἀλεῐτις,
643 2728 797 2809 πλανητις,
810 2730 978 2811 πρεσβιπις,
996 2731 1064 2810 quis
1078 2732 1155 2797 sori·

39 2837 160 2909 pturae
175 2835 279 2891 uentus
294 2845 366 2892 esse
381 2827 508 2908 potasti
548 2825 730 2891 Homericus
742 2827 794 2892 ille
810 2827 1007 2910 Πολυποίτης
1019 2830 1051 2892 in
1066 2830 1154 2901 libris

39 2928 169 3008 aliquot
189 2925 280 2990 Paus.
301 2926 337 2990 X.
360 2927 410 3004 no,
431 2926 457 2990 1.
486 2919 669 3006 Πολυποίτης
681 2931 819 3009 vooatur,
840 2927 904 3007 Laji
919 2928 1025 3007 auriga
1039 2946 1057 2991 a
1071 2929 1154 2994 Phe-

40 3025 162 3105 reepde
181 3025 375 3106 Πολυποίτης
396 3023 496 3090 dietus
519 3029 577 3104 est,
599 3023 637 3088 ah
660 3022 728 3089 aliis
753 3021 941 3108 Πολυφιίτης
961 3027 1064 3092 Sohol.
1079 3030 1152 3097 Eur.

39 3125 184 3188 Phoenn.
206 3121 255 3186 39.
283 3132 312 3188 et
340 3140 396 3204 pro
422 3117 611 3205 Πολυφήτης
633 3122 665 3186 Il.
688 3122 764 3193 ΧΙΙΙ.
788 3122 857 3191 791.
885 3125 973 3192 codd.
1002 3127 1094 3207 aliqui
1122 3135 1153 3198 et

40 3223 121 3288 Edd.
148 3222 346 3305 Πολυφοίτης
367 3220 523 3302 praebent.
564 3221 729 3286 Praeterea
753 3223 907 3306 Θυμοίτης
928 3231 959 3288 ei
983 3227 1149 3308 Θυμαίτης,

44 3317 244 3402 Θυμαιτίδα
260 3329 290 3386 et
309 3316 497 3401 Θομοιτίδαι
521 3321 630 3386 orehro
653 3322 784 3386 confusa
802 3328 888 3405 sunt,
903 3322 1044 3405 idemque
1057 3325 1149 3391 homo

40 3425 73 3486 in
104 3421 200 3485 lusor.
220 3420 310 3485 2770.
338 3426 368 3486 ot
390 3418 479 3484 2771.
512 3420 655 3501 Περείτης
683 3426 713 3483 et
737 3420 867 3502 Περίτης
888 3421 995 3486 dicitnr
1017 3440 1053 3490 aa
1075 3441 1151 3504 per-

42 3535 141 3602 saepe
171 3519 262 3583 atiam
291 3517 416 3599 ypsiion
444 3519 635 3584 intoroedere
663 3518 922 3587 demonstrabitur
951 3522 981 3588 iu
1010 3525 1151 3602 proxima

43 3724 163 3782 eertum
185 3716 324 3796 offertum
355 3717 501 3797 Κοροῐτις
521 3710 644 3798 ἀλώπηξ
670 3716 743 3782 Hes.
771 3723 902 3798 χοροῑτις
929 3735 956 3780 v.
978 3715 1017 3780 od
1037 3717 1148 3784 Buttm.

45 3815 115 3882 431.
139 3819 169 3880 ot
191 3813 302 3894 Unger.
325 3813 474 3880 Paradou.
497 3815 589 3882 Theb.
613 3813 683 3883 459.
697 3809 831 3888 ’Ἀκυιτις
852 3815 890 3877 ab
904 3815 964 3878 hoo
980 3815 1051 3878 iooo
1070 3816 1149 3880 alio-

45 3932 125 3978 nnm
169 3913 277 3994 Neque
298 3913 450 3994 adjectiva
471 3915 542 3978 mihi
564 3916 777 3993 innotuerunt;
807 3913 862 3978 sed
883 3913 1035 3977 Arcadius
1056 3934 1085 3997 p
1099 3915 1148 3980 26.

46 4031 137 4096 quum
166 4013 240 4077 droit
267 4007 305 4076 τὰ
332 4013 374 4090 είς
395 4035 478 4095 οιτης
499 4008 686 4094 ίσοσνίλαβα
666 4007 877 4096 αβαρύνεται
905 4012 1060 4094 Λαμοίτης
1089 4020 1146 4076 eta

48 4111 299 4189 significationem
320 4112 409 4176 dats
407 4113 491 4175 uisse
506 4111 655 4193 quaedam
669 4106 936 4194 περιττοούλλαβα,
959 4106 1079 4176 volut’
1061 4134 1148 4195 ηερο

82 4226 145 4275 mr
146 4227 243 4276 man
245 4228 288 4275 ιιι
264 4230 339 4289 παρ.
897 4212 937 4276 25
