2772 4992
221 246 291 318 88!
567 249 890 324 bissonnnrto
923 257 984 324 ill.

220 408 310 488 ποιός
330 411 403 477 lies.
427 411 594 495 eademque
616 417 666 482 rin
687 435 706 482 e
724 415 872 484 ααλάσσω
891 419 1048 506 ααλαχά,1
1067 424 1230 507 ααράσσω
1253 430 1343 516 κάρα.

218 509 274 598 χὴ,
297 507 497 592 camdeno,
520 513 603 594 quod
623 517 747 598 proprie
768 519 896 586 ebullire
917 523 1110 603 significasse
1134 529 1272 595 videtur
1295 536 1341 597 rel

220 620 255 678 ul
274 613 339 678 hit.
361 611 431 696 310,
449 611 477 678 4.
497 607 535 676 τὸ
552 608 651 695 ἐγχέαι
670 612 723 678 καὶ
743 611 841 698 ἐκχέαι
860 617 934 700 μετὰ
955 619 1074 704 ψόφου,
1097 625 1340 695 substantivum

219 706 339 796 καναχή
361 717 393 776 ci
406 709 559 792 adjectiva
573 709 706 794 καναχάς
722 723 752 780 ol
768 713 912 801 καναχῆς.
934 721 982 784 nb
998 722 1046 786 his
1064 724 1200 805 Μίαχος
1217 724 1340 811 μιάσμα

218 813 291 878 lles.
319 811 398 874 hanc
420 809 694 876 dissimilitudinem
714 813 807 880 babet
834 818 916 897 quod
939 819 1030 900 ulpho
1051 838 1070 884 a
1091 825 1195 888 verbo
1221 830 1340 907 μιαλνω

219 911 417 992 anticipatum
442 915 516 973 esta
541 909 603 974 Sed
624 927 849 993 paragogorum
870 933 1026 981 numerum
1047 937 1183 1000 prorsus
1212 928 1339 994 excedit

218 1023 361 1076 ranarum
382 1023 494 1072 nornen
515 1008 598 1089 quod
621 1011 651 1072 in
670 1015 774 1091 graeci
788 1017 941 1078 sermonis
962 1015 1102 1082 dialectis
1124 1037 1236 1086 sonos
1259 1029 1338 1092 mire

216 1109 316 1172 variat
336 1101 495 1188 βράταχος,
514 1101 671 1190 βόρταχος,
693 1106 862 1192 βάρθακος,
884 1110 1020 1196 βάρακος
1041 1123 1099 1182 ete.
1116 1121 1260 1201 stirpem
1278 1143 1337 1189 an-

218 1215 279 1272 tem
300 1206 415 1270 babere
435 1205 556 1269 videtur
576 1207 607 1270 in
630 1209 724 1274 uerbo
746 1211 871 1292 βραχεῖν
891 1207 1020 1297 ἠχῆσαι,
1048 1213 1226 1300 βαῤῥαχεῐν
1248 1217 1338 1306 ἠχεῖν

215 1303 287 1370 llos.
317 1305 368 1368 ubi
392 1307 456 1383 jann
486 1305 557 1368 olim
579 1306 710 1372 Vossius
732 1308 770 1372 ad
791 1305 944 1394 dmpoeyoe
963 1317 1101 1394 respexit
1123 1333 1192 1382 non
1215 1322 1335 1388 inscite

216 1404 268 1469 ille
290 1405 318 1468 si
340 1402 461 1484 quidem
482 1401 634 1468 demadem
655 1408 823 1472 ascitieiam
845 1425 917 1474 esse
939 1399 1112 1496 statuimus,
1134 1433 1223 1496 quae
1247 1429 1283 1484 et
1304 1425 1335 1488 iu

213 1502 335 1584 graecis
364 1500 468 1564 sedem
495 1502 669 1568 instabilem
696 1505 789 1572 habet
820 1515 852 1572 et
878 1525 942 1572 non
962 1519 1091 1592 apparet
1111 1515 1144 1576 in
1167 1518 1332 1598 anglosa-

213 1601 334 1667 xonicis
356 1600 471 1681 hocca,
493 1601 562 1663 hou
584 1601 724 1686 (Froscb,
745 1606 827 1688 hog)
849 1613 880 1670 et
897 1609 928 1672 in
948 1613 1070 1675 nomine
1090 1613 1228 1680 rubetae
1248 1619 1331 1683 bru-

216 1717 290 1766 scus
319 1706 349 1764 et
370 1693 508 1779 αράσκα,
538 1715 666 1779 quornm
687 1703 761 1767 illud
782 1712 831 1768 est
849 1705 1010 1772 latinitatis
1030 1711 1120 1775 medii
1144 1717 1235 1800 aevi,
1268 1719 1331 1784 boc

215 1798 401 1864 Graecorum
422 1804 550 1862 nostrae
572 1801 693 1866 aetatis.
733 1803 818 1867 llaec
840 1807 940 1870 omnia
962 1809 1058 1872 tribus
1081 1818 1237 1878 contexta
1254 1826 1330 1883 sunt

214 1898 372 1981 consonis,
394 1915 411 1962 e
433 1898 543 1977 quibus
562 1899 686 1980 βραχεῖα
699 1909 831 1985 constat,
853 1902 966 1988 labiali,
986 1907 1100 1988 liquida
1114 1915 1146 1972 el
1163 1918 1328 2004 gutturali

214 1999 383 2078 eademque
408 2000 512 2077 graeci
540 2000 672 2063 nominis
702 2001 851 2066 elementa
871 2005 1051 2085 primigenia
1072 2024 1145 2072 esse
1168 2012 1327 2081 videntur.

213 2097 292 2174 Quin
312 2095 391 2160 adeo
413 2097 441 2160 si
461 2097 636 2178 dpvyeicboe
659 2106 689 2163 et
708 2100 820 2183 rugire,
841 2094 1007 2184 deciperem
1027 2122 1151 2191 manea,
1172 2107 1278 2196 λάχνη
1296 2123 1325 2180 el

210 2198 304 2280 λῆνος
326 2194 397 2259 lana
418 2196 658 2280 consideramus,
680 2213 743 2261 non
763 2199 852 2263 nimis
874 2201 1054 2283 prodigiosa
1067 2210 1247 2286 reperietur
1266 2232 1324 2278 eo-

209 2311 275 2360 rum
300 2295 404 2375 opinio
426 2295 478 2374 qni
505 2312 543 2360 en
566 2297 663 2360 tribus
683 2296 745 2360 illis
766 2291 843 2379 βράχ
864 2317 954 2364 unam
981 2303 1013 2365 in
1033 2303 1129 2368 latino
1153 2327 1245 2378 racc
1267 2332 1324 2378 su·

211 2410 340 2475 peresse
362 2393 498 2457 credunt.
525 2394 572 2458 En
594 2395 802 2475 compluribus
824 2414 903 2477 quae
917 2399 1091 2480 Hesychius
1108 2407 1210 2471 reiert
1230 2427 1323 2478 unum

211 2485 512 2572 assumam'‘Epctycc
532 2487 568 2555 τὸ
589 2488 712 2575 δράγμα
733 2497 866 2560 Βοιωτοί
887 2499 968 2578 quod
997 2500 1035 2563 ab
1058 2497 1136 2584 ἔργω
1159 2512 1321 2586 contineo,

211 2592 391 2670 constringo
414 2589 582 2654 derivatum
605 2609 677 2656 esse
695 2609 733 2656 en
746 2595 805 2658 alia
819 2591 1091 2680 glossa'Epopdrm
1105 2602 1136 2666 ci
1153 2604 1321 2688 δεσμεύον-

209 2711 257 2764 τες
278 2689 381 2769 colligi
403 2681 525 2770 potest3'
545 2685 683 2772 αάααχος
703 2710 798 2774 supra
818 2699 977 2776 proposui.
1019 2699 1223 2782 Propriorum
1247 2725 1320 2788 pars

209 2789 339 2856 maxima
360 2790 404 2852 ita
427 2783 606 2871 comparata
628 2798 676 2854 cst
690 2798 722 2854 ut
741 2800 842 2871 etyma
863 2793 1067 2860 demonstrari
1088 2815 1152 2863 non
1176 2808 1320 2887 possint;

208 2905 272 2952 non
292 2886 385 2950 modo
407 2890 637 2968 peregrinorum
659 2896 691 2954 ut
713 2891 840 2954 Serachi
860 2897 993 2974 populns
1014 2898 1111 2962 hsiao
1131 2900 1204 2966 blei
1225 2904 1248 2968 i.
1271 2906 1316 2971 19.

208 2983 371 3068 Σάοραχος
398 2987 465 3050 sive
493 2983 648 3069 Σένραγος
676 2989 768 3069 Cypri
791 2989 899 3054 lluvius
920 3010 952 3056 v.
968 2993 1065 3074 Eugcl
1086 2995 1217 3078 Kypros
1242 3005 1275 3070 Τ,
1295 3006 1315 3070 Ι.

209 3087 286 3152 158..
299 3082 465 3167 Δύρραχος
482 3087 665 3166 Dyrrhachii
684 3087 826 3152 conditor
843 3091 974 3171 Appian.
994 3092 1056 3157 Ciu.
1071 3094 1106 3160 ll.
1123 3095 1174 3162 39.
1192 3104 1314 3182 (omiss.

206 3187 239 3248 in
262 3186 329 3266 Th.)
351 3179 491 3268 Μαράγη
510 3181 598 3261 πόλις
615 3180 729 3268 Ἰνδική
751 3187 856 3270 Steph.
873 3195 931 3252 etc.
953 3190 1008 3254 sed
1025 3193 1116 3256 etiam
1129 3211 1315 3274 graecorum

197 3281 330 3365 Ἴναχος,
350 3277 520 3366 Ἀῤῥαχλων
540 3285 630 3350 Paus.
653 3285 727 3350 VIII.
748 3286 798 3368 40,
815 3286 841 3352 1.
866 3288 949 3368 quod
961 3290 1011 3354 bic
1024 3292 1055 3354 in
1070 3291 1160 3358 codd.
1174 3287 1312 3380 Ἀρχάον,

197 3381 335 3466 Ἄρχων,
354 3379 538 3465 Ἀρραχίων,
562 3384 642 3464 apud
663 3384 882 3449 Philostratum
904 3394 934 3450 et
955 3388 1122 3458 Eusebium
1148 3385 1313 3480 Ἀῤῥιχλων

271 3680 298 3748 1]
325 3679 370 3734 sic
394 3679 454 3734 Nic.
473 3679 519 3732 Th.
540 3681 599 3738 tte
617 3680 657 3750 τῷ
680 3679 710 3731 δὲ
734 3679 866 3750 (draconi)
891 3686 993 3736 κοτέων
1015 3685 1105 3746 αἰετὸς
1130 3687 1162 3742 ἐκ
1186 3693 1309 3764 nahelis

203 3762 344 3824 ἒααέξεται
362 3762 389 3816 id
408 3768 449 3818 est
466 3762 528 3817 huic
545 3765 668 3818 increscit
686 3765 773 3831 aquila
794 3765 877 3821 hostis
902 3767 987 3822 fatalis
1011 3773 1067 3826 sive
1092 3774 1214 3843 nativus,
1241 3774 1272 3828 ὃν
1285 3770 1306 3839 ’ἦ

200 3851 287 3916 μοῖρα
305 3844 529 3916 προσεκλήρωσεν
549 3847 633 3914 αὐτῷ.
664 3845 768 3900 Poterat
784 3848 910 3918 ἀρχῆθεν
926 3867 1024 3919 ponere
1038 3853 1080 3908 vel
1092 3856 1232 3922 γενεῆθεν
1244 3864 1270 3912 ul
1282 3865 1306 3914 el

200 3929 347 3997 Hesychius
364 3926 476 3997 ααλαχή
492 3929 675 3996 interpretatur
691 3927 772 3998 ἀργή,
793 3931 885 4000 γενεά,
904 3934 951 3989 sed
969 3939 1074 4004 propria
1091 3938 1250 4003 significatio
1268 3946 1304 3996 est

200 4011 279 4075 λῆξις,
300 4011 361 4068 dein
378 4017 466 4082 μοῖρα
484 4017 512 4065 ut
529 4011 601 4065 latini
622 4027 688 4066 sors.
715 4011 828 4068 Zcunius
840 4030 886 4082 pro
901 4014 1043 4077 ἐπαίξεται
1056 4023 1127 4087 optat
1140 4019 1302 4088 duciacum,

199 4093 376 4164 Schneidemts
393 4093 580 4164 ἀμπάλλεται,
598 4096 729 4152 deteriora
745 4098 861 4168 vulgato,
