2768 4994
20 441 220 526 Εὐμτνις)
250 444 378 509 duxisse
397 444 489 526 idque
515 445 565 509 ιοι
586 463 643 528 pro
666 448 812 528 syntheto
834 447 982 512 hahuisse
1003 445 1132 512 videtur
1141 450 1185 512 ut·

12 539 254 626 Λλκαμένης
274 543 323 607 vel
347 559 403 624 pro
426 559 584 624 paragoge
606 551 639 610 ut
659 540 754 630 εὐρύς
773 539 948 628 εὖρυμενής,
971 551 1033 610 aut
1045 544 1185 640 deniqnef

26 643 266 725 participium
287 636 493 722 ἄλαλκὸμινος
512 642 598 708 tinnit
619 651 650 708 et
672 648 710 710 ub
732 647 792 710 hoe
807 642 1045 778 Ἀλαλκομενιέ
1036 653 1072 757 ut
1089 658 1108 710 a
1117 645 1175 709 Ἠ
1182 673 1185 680 ’

26 737 205 823 σαμενος
225 740 356 804 derivari
377 741 479 822 putuit
504 743 674 824 Τισαμινις.

153 848 185 916 §.
208 839 255 906 13.
284 839 340 902 His
363 840 515 903 femininis
536 841 610 904 nihil
632 844 826 924 conjunctius
848 850 897 908 est
918 861 1008 926 quam
1011 770 1185 925 autentiha

28 941 224 1022 trigenera
251 938 402 1020 ποταμηίς
430 935 617 1021 ποταμήιος,
646 941 788 1026 νεραμηίς
797 939 985 1026 κεραμήισς,
1009 937 1180 1025 Ηραιιληις

17 1033 260 1122 Ἧρακλήιος,
281 1041 314 1102 Γ
309 1037 389 1120 αιηις
403 1033 535 1120 -ήιος,
557 1041 718 1123 Μεγαρηὶς
739 1037 867 1125 -ι-ήιος,
890 1039 1028 1126 Μινυηις
1047 1037 1180 1122 -ήιοςς

33 1146 89 1204 et
119 1155 161 1202 ert
178 1155 272 1218 supra
289 1137 388 1200 allatis
404 1133 577 1220 σιμβλήιος,
598 1135 773 1222 μιροπήιος,
794 1137 980 1224 τριποδήιος,
1003 1135 1172 1222 Καδμήιοςὲ

29 1238 205 1318 Eamque
231 1235 458 1301 similitudinem
484 1236 630 1302 deuteres
659 1241 775 1321 antiqui
802 1257 865 1305 non
895 1231 1179 1324 animaduerterunt}

37 1336 185 1402 solum:
218 1329 301 1418 παρὰ
321 1329 380 1417 τήν
401 1329 539 1414 Κέκροπι
559 1331 686 1419 δοτικήν
706 1339 861 1422 Κινροπίς
880 1337 934 1404 καὶ
954 1329 1178 1412 Atheoeh'htt

46 1434 219 1508 Πελοπίς·
239 1429 275 1498 τὸ
295 1430 329 1498 δὲ
352 1435 504 1518 Πελοπηις
523 1432 728 1501 πεπλεόνακεν
746 1432 789 1512 ὡς
808 1433 844 1502 τὸ
864 1433 1034 1522 ποιμνήιον
1050 1432 1104 1500 καὶ
1120 1457 1171 1498 τα-

41 1529 167 1618 φήιον
186 1533 301 1598 Aneed.
323 1535 421 1599 Cram.
444 1535 465 1600 1.
487 1535 558 1599 374.
585 1535 650 1598 ΕΜ.
674 1535 744 1620 748,
765 1537 814 1602 37.
842 1535 898 1601 sed
919 1538 1009 1602 etiam
1030 1534 1069 1598 ad
1090 1540 1172 1597 οιιιιι-

42 1649 176 1698 munes
207 1649 320 1696 causas
347 1638 548 1697 revenerunt:
584 1631 730 1717 Νυσήιον
756 1629 944 1718 ἀμφίβολον·
977 1635 1003 1698 τι
1029 1629 1087 1716 μὲν
1110 1625 1179 1714 γὰρ

47 1726 214 1815 Νυσήιον
240 1731 314 1813 (ser.
336 1731 362 1794 et
381 1726 442 1814 γὰρ
461 1725 547 1814 παρὰ
565 1727 602 1796 τὸ
623 1728 761 1818 Νύσιον)
790 1733 981 1817 πλεονασμὸς
1003 1729 1091 1815 (ἐστι)
1113 1733 1174 1795 τοῦ

47 1831 152 1916 asel
173 1825 206 1894 δε
225 1824 311 1913 παρὰ
329 1825 365 1894 τὸ
387 1833 497 1910 Νῦσα,
519 1827 628 1914 ὤφειλε
647 1827 780 1916 (μιν)
751 1855 829 1898 ειναι
848 1831 986 1898 Νύσειον
1006 1829 1059 1897 και
1079 1823 1176 1914 (etth

49 1929 168 2012 ὥςπερ
187 1925 271 2012 παρὰ
290 1925 327 1993 τὸ
348 1926 453 2011 ἄρτιον
466 1925 578 2013 ἀρήιον
594 1925 764 2014 αὐξήσει’
732 1953 865 2016 γεγονεν,
888 1928 989 2007 ουτως
1009 1924 1174 2011 Νυσήιον

51 2029 141 2106 ὥςτε
169 2026 299 2092 δύναται
321 2024 520 2112 διαίρεσις
490 2051 568 2094 ειναι
588 2027 674 2094 κα1’
661 2026 815 2106 επέκτασις
835 2026 896 2096 ἀλλ’
920 2025 960 2096 οὐ
980 2019 1173 2109 πλεονασμός

53 2133 167 2198 Cram.
188 2129 257 2195 298.
292 2129 428 2194 Eandem
444 2131 628 2194 sententiam
649 2148 712 2195 non
733 2131 842 2195 iisdem
864 2137 966 2195 tamen
986 2129 1089 2194 verbis
1111 2141 1176 2191 ιιι-1

53 2232 163 2315 plicat
185 2229 402 2309 Theognnstus
424 2229 459 2294 11.
483 2228 533 2294 57.
557 2233 644 2309 eujus
666 2230 767 2294 lenum
789 2230 950 2310 sthieiam
965 2243 1029 2293 nnn
1042 2225 1081 2290 ad
1095 2225 1169 2290 lite-

55 2347 132 2396 ram
155 2327 211 2392 sed
232 2333 383 2410 quatenus
405 2327 443 2392 ad
465 2334 604 2391 nostram
626 2343 750 2394 eausam
769 2331 916 2410 pertinet:
943 2323 983 2392 τὰ
1001 2322 1080 2391 κατὰ
1100 2319 1170 2388 διυλ-

54 2435 157 2496 λυσιν
177 2421 240 2490 ἀπὸ
262 2427 326 2490 τῶν
346 2422 398 2490 διὰ
417 2427 475 2491 τοῦ
496 2413 562 2501 ah}
584 2424 636 2490 nat
656 2423 778 2491 ἔκτασιν
798 2429 856 2492 τοῦ
876 2427 896 2491 ε’
915 2425 957 2502 εις
977 2422 1013 2491 τὸ
1034 2431 1056 2508 ῆ
1075 2417 1168 2507 νενό-

56 2549 145 2614 μενα
170 2519 222 2590 διὰ
246 2527 305 2590 τοῦ
329 2517 346 2589 ἶ
371 2522 482 2609 γράφει
501 2521 560 2609 τήν
579 2524 821 2610 παραλήγουσαν
841 2526 895 2590 παλ
914 2523 972 2608 τήν
991 2525 1096 2609 τρίτην
1116 2517 1169 2585 διὰ

57 2629 124 2693 τοῦ
146 2629 176 2708 ῆ.
198 2619 332 2707 Ὁμοίως
351 2621 384 2687 δὲ
404 2621 457 2687 καὶ
478 2619 537 2689 ὅσα
558 2621 615 2708 ἔχει
634 2621 670 2690 τὸ
690 2623 713 2710 ἦ
733 2619 802 2691 οἷον
822 2621 910 2709 δήιος
930 2619 991 2688 ἀπὸ
1012 2623 1070 2688 τοῦ
1090 2623 1167 2704 δῖος,

60 2729 168 2810 Κίηος
189 2719 295 2807 (sime
295 2745 315 2786 κ
334 2746 392 2787 του
378 2723 493 2803 Ki09,
517 2719 614 2808 νήιος,
639 2721 741 2808 Τήιος,
763 2720 929 2808 βασιλήιος,
948 2718 1077 2807 Ἱλιήιος,
1099 2725 1169 2805 χαλ-

59 2822 156 2910 κήιος
178 2831 235 2888 ete.
261 2823 440 2903 Scripturae
461 2824 571 2888 menda
592 2825 710 2889 leviora
732 2826 825 2888 tacite
854 2823 966 2888 sustuli
992 2823 1087 2888 ueluti
1108 2823 1169 2886 sti-

60 2927 175 3010 pulas3
203 2922 241 2986 de
262 2923 455 3001 gravioribus
476 2923 577 3003 palam
599 2924 756 3004 agendum.
797 2923 927 2987 Primum
949 2917 1036 3006 ἃήισς
1050 2937 1089 2985 ex
1104 2907 1172 2992 δῖος

61 3023 282 3134 amplificatum
304 3037 375 3084 esse
395 3019 485 3084 ualde
506 3022 666 3101 abhorret,
688 3039 788 3104 neque
807 3023 853 3086 ita
874 3021 1016 3086 traditum
1036 3020 1169 3102 reperio,

62 3142 107 3190 ne
135 3121 240 3186 abiis
263 3119 383 3200 quidem
406 3120 457 3199 qui
478 3119 531 3183 δῖα
551 3116 708 3213 Χάρυβδις
729 3129 760 3186 et
780 3120 832 3186 δῖα
851 3117 995 3184 θάλασσα
1013 3120 1170 3199 interpre-

62 3229 171 3288 tantur
184 3213 337 3302 φοβεράν,
359 3217 420 3281 hue
441 3219 600 3299 epitheton
622 3237 690 3284 eum
710 3220 776 3301 διν,
797 3217 905 3302 διερός,
927 3226 1091 3300 cognatum
1106 3233 1170 3298 pu-

65 3326 172 3387 tantas
195 3317 298 3384 Sehel.
323 3317 378 3382 0d.
393 3317 456 3382 ΧΠ.
473 3315 541 3384 104.
564 3319 597 3383 n.
618 3319 679 3385 XV.
702 3319 770 3387 161.
792 3337 829 3385 au
851 3321 879 3386 si
900 3320 969 3401 quis
990 3319 1061 3381 hine
1081 3311 1170 3398 δήιος

65 3426 173 3487 natum
203 3415 344 3499 eredidit,
379 3433 443 3480 nen
474 3417 574 3480 solum
602 3418 775 3498 pleonasmi
802 3419 858 3484 sed
888 3418 979 3483 etiam
1006 3415 1170 3497 hyperbati

65 3522 229 3604 praetextu
250 3517 294 3580 uti
316 3515 435 3595 debuit,
464 3519 552 3597 cujus
580 3518 630 3582 hie
657 3518 741 3583 nulla
766 3518 800 3582 ht
818 3517 942 3582 mentio.
982 3513 1048 3578 Nee
1068 3513 1169 3579 minus

66 3625 179 3704 peceat
206 3615 373 3682 seeundum
395 3617 509 3698 Κίηος,
539 3617 587 3682 ιιι
615 3618 642 3682 si
664 3619 732 3698 quis
754 3611 867 3698 Κιήισς
887 3613 1068 3694 substituet,
1094 3611 1169 3676 nihil

68 3717 196 3802 juverit3
235 3730 306 3778 nam
329 3722 360 3778 et
380 3716 440 3780 hoe
460 3715 628 3780 inauditum
648 3723 698 3780 est
721 3720 751 3779 et
773 3732 791 3778 a
812 3712 962 3778 similibus
975 3707 1053 3790 Ἴος,
1087 3712 1168 3789 Tios,

70 3817 156 3895 Χίος,
179 3817 269 3892 Δῖον,
290 3814 406 3878 ιιιιιιιιιι
427 3814 526 3880 simile
547 3814 803 3878 inclinamentum.
829 3812 937 3891 Itaque
955 3811 988 3874 iu
1010 3811 1090 3874 hene
1112 3809 1170 3875 de-

72 3914 186 3984 seendo
217 3915 417 3996 sententiam,
445 3913 675 3993 Theognostum
697 3912 744 3976 sie
771 3910 953 3992 scripsisse:
992 3902 1106 3990 ὁμοίως
1136 3901 1171 3972 tt

71 4013 123 4082 καὶ
149 4009 209 4078 ὅσα
234 4007 293 4094 ἔχει
319 4007 356 4076 τὸ
375 4020 397 4095 ἦ
421 4007 455 4075 ἐκ
475 4005 650 4094 διαιρέσεως
670 4007 723 4074 καὶ
742 4004 890 4083 ἐκτάσεως
911 4001 981 4072 οἷον
1000 4001 1088 4090 ἃήιος
1108 3999 1170 4070 ἄπο

73 4116 127 4182 τοῦ
148 4108 231 4189 δι’ϊυς
251 4149 291 4203 ··.
314 4113 361 4178 sie
382 4113 461 4176 euim
484 4110 575 4176 donet
594 4112 660 4176 ΕΜ.
681 4109 751 4194 263,
771 4108 821 4175 31.
841 4102 926 4192 παρὰ
945 4102 981 4172 τὸ
1002 4101 1070 4182 δέος
1091 4100 1172 4181 ntem
