2758 4994
225 285 276 350 DE
298 283 514 352 NOMINIBUS
535 284 576 350 ΙΝ
599 282 896 366 ρΕΧΕΠΝΤΙΒΙΙΒ.
923 291 952 362 ς.
967 288 995 353 4.
1093 291 1164 360 3611

41 459 77 514 ct
101 447 290 534 δυκρυηρός
303 456 506 514 commutatur
520 466 588 515 cum
602 445 734 532 hainoum
745 445 900 533 κυτάορος
914 453 1025 520 Troad.
1048 455 1170 524 loeus

46 567 114 614 nec
143 557 249 614 tamen
271 550 407 630 syntheti
428 565 541 612 nomen
561 548 725 630 locumque
746 551 920 631 occupabit.
962 553 1037 618 Cum
1061 556 1169 624 eadam

43 666 130 713 vcro
168 651 283 732 stirpe,
311 647 394 712 umle
421 640 578 728 ἀραρίσκω
607 648 757 730 excreuit,
785 648 932 714 cohaeret
960 644 1096 737 ἀρέσκω,
1118 659 1168 721 oui

43 747 259 811 Grammatici
279 747 446 826 subiiciunt
470 746 613 828 Παυῆρες
638 747 734 808 πᾶσιν
761 741 895 827 opimone
923 756 953 813 et
980 751 1168 820 homericum

40 841 222 930 θυμαρὴς,
250 845 334 927 quod
354 861 419 912 non
440 845 551 926 legitur
578 846 639 908 nisi
670 846 701 908 in
724 845 903 930 Callimachi
923 848 1036 928 hymno
1059 851 1167 917 dorico

40 947 77 1008 in
104 946 181 1010 Cer.
204 945 256 1010 56.
278 943 386 1018 δαῖτας
405 938 575 1026 euprepius,
596 942 688 1023 idque
709 945 891 1024 Spitznerus
913 946 951 1011 ad
973 947 1005 1012 ll.
1026 949 1075 1013 IX.
1097 949 1166 1018 336.

43 1041 223 1126 θυμάρεας
244 1043 439 1108 scribendum
462 1049 550 1124 putat
570 1041 600 1105 id
623 1049 672 1106 est
692 1037 859 1124 θυμήρεας.
893 1045 959 1108 llae
975 1049 1167 1117 enimlonmu

43 1146 98 1206 usi
125 1150 206 1208 sunl
226 1142 413 1222 Apollonius
434 1143 456 1206 Ι.
478 1141 548 1206 165.
570 1141 718 1208 Moschus
746 1143 782 1205 ll.
811 1141 861 1206 29.
883 1142 1013 1218 Quintus
1034 1147 1069 1212 V.
1096 1149 1166 1218 316.

43 1249 76 1305 et
100 1250 226 1324 poetae
248 1241 505 1321 epigrammatarii
523 1241 615 1305 huth.
633 1240 682 1304 [Χ
704 1239 733 1304 9.
753 1240 894 1320 Append.
916 1258 945 1308 n.
965 1244 1015 1309 54.
1031 1264 1089 1310 nec
1105 1267 1167 1330 po·-

45 1349 123 1406 etae
153 1341 255 1406 solum
285 1339 342 1404 sed
372 1340 463 1402 ctiam
489 1339 614 1402 Lucian.
641 1340 745 1403 Amor.
775 1346 805 1413 §.
833 1340 883 1404 43.
913 1342 1024 1421 Agath.
1052 1345 1087 1408 ll.
1116 1346 1166 1412 31.

46 1439 348 1521 prunulis.
377 1455 407 1518 p.
436 1437 504 1502 162.
533 1436 565 1502 C.
593 1437 766 1518 probatque
795 1437 874 1503 adeo
903 1439 1014 1505 Pollux
1040 1443 1089 1507 lll.
1117 1443 1167 1511 98.

45 1535 159 1604 καλὸν
180 1534 214 1602 δὲ
234 1531 271 1602 τὸ
291 1533 392 1618 ὄνομα
412 1530 474 1600 ἀπὸ
495 1530 616 1602 τούτων
636 1529 673 1598 τὸ
692 1537 840 1619 θυμῆρες,
861 1540 921 1603 nisi
941 1541 1046 1620 potius
1067 1546 1168 1627 θυμρη

48 1636 101 1714 ὁές
126 1639 276 1720 scripsit3
298 1651 429 1715 namque
452 1633 637 1698 antecedunt
656 1629 733 1716 ἥδω,
750 1633 875 1718 ἥδομαι,
898 1638 954 1703 sed
975 1639 1056 1704 nihil.
1071 1659 1090 1704 a
1103 1658 1166 1724 qun

49 1740 201 1822 θυμῆρες
221 1734 461 1800 voluminatam
484 1733 533 1797 uel
554 1736 760 1814 compositum
785 1735 969 1820 dici-possit,
992 1755 1029 1800 ac
1043 1749 1167 1820 practer

50 1855 89 1902 ea
112 1852 199 1919 quae
221 1850 290 1898 cum
311 1827 425 1911 ἐρέσσω
447 1832 623 1915 cohaerent,
644 1841 829 1914 praeterque
842 1830 987 1918 τειχήρης,
1002 1854 1063 1918 qno
1081 1841 1166 1905 Thu-

52 1937 189 2016 cydides
213 1940 244 1998 et
263 1932 438 2012 Xenophon
458 1931 508 1994 usi
529 1937 610 2013 sunt,
633 1938 664 1996 et
684 1931 786 2013 διῆρες
807 1933 889 2013 quod
909 1936 1075 2003 Atticistac
1095 1941 1167 2004 vul·-

54 2040 125 2116 gari
149 2031 296 2118 ὑπερῴου
316 2032 504 2114 praeierunt,
526 2029 679 2110 adjectiva
700 2032 791 2111 hujus
819 2033 936 2096 formae
963 2034 1042 2098 adeo
1069 2038 1168 2103 intre·

54 2137 189 2216 quentia
218 2137 291 2196 suut
319 2130 496 2194 oratoribus
524 2135 558 2193 ut
590 2132 728 2194 nesciam
757 2147 797 2194 an
830 2130 910 2210 apud
939 2133 1168 2204 fastidiosioros

55 2237 228 2300 vorborum
250 2230 467 2294 aestimatores
489 2230 589 2292 minus
617 2230 750 2310 probata
778 2231 899 2294 luerint.
949 2232 1034 2297 llaec
1066 2245 1168 2304 autern

58 2335 165 2398 omnia
188 2333 220 2395 in
240 2316 317 2416 offe
338 2335 468 2408 exeunt3
490 2328 581 2409 alpha
604 2345 683 2409 quae
713 2328 842 2412 hahent,
872 2330 941 2394 aliis
971 2333 1169 2413 assignantur

59 2432 240 2514 principiis:
261 2425 407 2502 ’Ἀλκαῖος
432 2424 485 2490 καὶ
511 2421 638 2509 Σαπφὼ
667 2422 785 2509 ἄνεμον
810 2424 927 2512 κατάρη
960 2425 1084 2511 λέγουσι
1111 2430 1168 2499 uhu

57 2528 300 2612 καταράσσυντα
325 2523 376 2589 καὶ
402 2526 567 2608 cocomario}
594 2527 681 2590 Eust.
709 2526 779 2610 603,
807 2527 856 2593 34.
885 2546 903 2592 a
929 2531 1080 2614 κυπαίρω,
1109 2537 1170 2600 nisi

60 2632 164 2715 fallor,
185 2637 221 2694 ut
241 2622 383 2708 κατωρής
402 2621 487 2689 κάτω
507 2621 612 2705 ῥέπων
630 2626 703 2690 llos.
732 2626 770 2690 ab
799 2626 877 2709 αἴρω
903 2625 1046 2713 νωτάρης
1073 2626 1091 2695 ὁ
1119 2630 1168 2698 ἐπὶ

59 2725 166 2794 νώτου
188 2728 289 2809 αἴρων
310 2725 393 2792 Suid.
415 2726 476 2789 nisi
496 2725 557 2790 hoo
585 2733 616 2826 etl
640 2720 794 2806 υιυεάριος
820 2725 859 2789 ad
886 2726 997 2794 sordes
1023 2730 1170 2799 Graeciae

62 2827 301 2894 deflorescentis
329 2824 527 2905 relegandum
555 2831 620 2906 est;
655 2826 768 2906 quippe
802 2826 932 2906 simplex
965 2846 1037 2893 csse
1064 2839 1171 2911 potest

63 2936 95 2991 nt
119 2926 318 2994 dossuanins.
360 2924 409 2987 Ah
437 2924 498 2987 alio
527 2925 623 2988 verbo
646 2924 738 2987 ducta
759 2924 954 2989 substantiva
974 2929 1091 3008 primae
1112 2930 1171 2995 de-

64 3027 244 3092 clinationis
265 3018 437 3105 χαλκοάρης
459 3029 490 3087 et
510 3018 669 3106 χεριάρης,
697 3022 807 3103 quihus
828 3022 979 3088 Pindarus
1000 3044 1092 3110 usus,
1114 3030 1170 3094 sed

65 3141 259 3208 paragogum
280 3129 328 3187 est
349 3117 575 3205 ἐργυχεριάρης,
596 3120 678 3203 quod
699 3137 761 3185 non
792 3122 891 3202 magis
921 3125 953 3188 in
982 3126 1171 3194 Thesaurum

66 3239 200 3304 graecae
222 3220 344 3301 linguae
371 3221 468 3301 recipi
495 3221 671 3286 merehatur
698 3237 788 3301 quam
814 3217 1006 3306 προχεράρης
1034 3231 1065 3289 et
1090 3247 1172 3306 opo-

65 3319 228 3408 χειράριος.
270 3321 467 3400 Paronymon
488 3319 665 3403 suppeditat
685 3319 860 3384 Methodius
880 3321 947 3384 EM.
972 3321 1022 3407 66,
1043 3325 1092 3389 22.
1115 3319 1173 3389 o'ct-

67 3420 182 3506 κμάρες
206 3421 281 3504 (sic)
301 3414 338 3484 τὸ
358 3413 557 3502 ἀλεξητήριον
577 3412 657 3496 κατὰ
676 3413 871 3502 πλεονασμὸν
889 3422 947 3485 τοῦ
963 3408 1036 3505 ᾖῧθ
1061 3417 1175 3489 ’Λλκὰ-

134 3701 182 3769 35)
201 3700 231 3756 ln
248 3699 416 3770 Empedoclis
433 3714 510 3756 uersu
528 3700 587 3757 361.
606 3698 649 3755 cd.
668 3699 786 3756 llarsten.
806 3698 922 3768 δένδρεα
946 3703 1060 3770 καρπῶν
1081 3701 1173 3774 opto·

71 3790 140 3856 elpes
163 3782 300 3854 κατῆρεα,
326 3784 434 3840 codices
457 3783 584 3852 praebent
607 3782 727 3852 κατῆρα,
755 3781 825 3852 qued
848 3797 894 3851 pro
912 3783 1033 3854 κατήυρα
1050 3787 1175 3854 scriptum

71 3870 174 3926 videtur
196 3867 225 3922 id
250 3872 291 3924 est
308 3857 346 3918 ὧν
372 3865 646 3935 κατακρεμάννυνται
662 3871 770 3936 καρποί.
808 3867 857 3920 Pro
875 3864 1036 3938 ἄριήρεστου
1050 3869 1174 3938 χαλεπώ-

72 3970 150 4024 τερον
166 3951 230 4008 Hes.
252 3959 356 4020 praesto
375 3950 633 4020 est'o’wrppa'crrpou.

137 4052 185 4119 36)
204 4051 278 4106 ldern
292 4049 425 4119 Ἀλκμήνη
444 4050 609 4120 πλεονασμῷ
633 4055 683 4102 τοῦ
698 4037 726 4119 ᾖ
748 4048 784 4110 ὡς
805 4048 961 4120 Ἀλκμάων,
990 4051 1060 4120 qnod
1085 4051 1175 4109 Theo-

74 4142 180 4202 gnostns
199 4133 285 4190 Ciam.
304 4135 339 4190 ll.
358 4135 400 4191 26.
420 4135 461 4190 vel
480 4135 519 4190 sic
542 4139 570 4189 ut
593 4135 639 4191 ille
656 4134 689 4190 ah
712 4135 780 4202 ἀλκή
800 4136 943 4194 derivatum
963 4137 1000 4192 ait
1017 4136 1059 4192 rel
1081 4135 1113 4192 ah
1132 4137 1176 4189 ‹tl-
