2768 4994
220 277 286 348 ils
578 279 900 346 ulssulirtlrlo
932 277 984 344 lx

224 444 276 510 lia.
304 441 353 512 16.
405 442 524 522 Quibus
553 445 585 509 lu
613 451 794 510 transcursu
821 443 930 510 addam
953 435 1119 525 Ὀδρύσης
1148 443 1333 524 gentilium,

221 535 361 626 Ἀρσσης
380 542 495 608 Persae
516 559 628 608 nomeu
648 543 737 609 Diod.
758 542 863 608 XXXI.
883 543 947 608 liei.
968 542 998 606 3.
1019 559 1049 622 p.
1071 542 1129 606 22.
1158 543 1197 605 Τ.
1214 542 1251 606 li
1274 544 1334 620 Βαρ

225 638 324 726 pelops
344 643 425 706 durii
445 642 578 723 llesyol.
599 643 660 708 llil.
682 643 765 723 Oria.
788 643 894 708 Consi.
917 659 943 706 o.
964 641 1024 704 l¹⁶
1038 636 1187 714 Ἅννσις
1208 642 1336 721 Aegypti

226 733 339 808 llerod.
361 739 485 808 11131.
510 749 540 806 ot
555 742 773 826 appellativum
787 737 902 816 ἅλυσις.
924 775 964 788 -
990 733 1037 802 Τὰ
1057 739 1106 813 εἰς
1129 726 1197 814 σ-οξ
1219 734 1273 802 διὰ
1291 739 1338 802 ὅσ

227 843 287 907 σοῦ
309 829 328 906 ὀ
347 837 400 906 καὶ
419 843 464 928 τῷ
485 827 511 905 ὦ
531 835 769 924 καραληγόμσαα
789 836 905 904 σπάνιά
924 835 1003 917 ἐστι,
1032 834 1227 919 Balomos
1247 835 1338 903 καὶτὸ

227 935 417 1024 ὀξννόμενον
443 938 609 1022 Κερωσσός
636 935 725 1014 πόλις
749 932 999 1012 Ἀκοηωνιᾶἃος.
1048 934 1120 1000 Καὶ
1149 932 1196 1002 τὸ
1229 939 1340 1009 Βλαῖσος

226 1036 403 1126 paoem»
428 1032 596 1119 παρδακὸν
622 1033 732 1121 diddo
760 1034 908 1120 μέλλουσα
932 1030 1060 1120 γεγονὸς
1086 1035 1147 1100 καὶ
1172 1031 1224 1100 δι’
1247 1022 1342 1111 ἓνὸςσ

227 1137 430 1223 γραφόμενον
451 1138 586 1217 Theopr.
607 1136 657 1202 ll.
704 1137 797 1202 Primi
822 1138 955 1203 nominis
976 1144 1007 1201 et
1027 1143 1192 1201 aooentus
1217 1140 1342 1200 vadatur

228 1245 262 1307 et
282 1255 438 1320 oonsoua,
459 1233 750 1330 seouudioonsoua
770 1234 879 1319 modo,
908 1236 1029 1300 tertium
1051 1235 1290 1316 corrigendum
1306 1241 1343 1299 est

230 1355 269 1404 ox
288 1339 360 1402 Are.
382 1337 430 1402 78.
450 1330 490 1400 τὰ
509 1335 552 1410 ele
570 1347 645 1409 σσος
665 1327 814 1413 ὀξύνεται,
836 1329 995 1416 κερωασός.
1040 1327 1086 1395 Τὸ
1109 1329 1147 1398 δὲ
1169 1330 1343 1415 domnolo

230 1423 349 1518 ὂέχοι,
377 1451 434 1517 pro
462 1451 523 1516 quo
552 1433 635 1516 quod
662 1435 695 1498 in
715 1430 783 1498 eod.
805 1433 916 1513 legitur
937 1429 1072 1511 ἅλωσος,
1104 1441 1254 1516 apparet
1274 1433 1343 1496 idem

231 1549 304 1600 oese
325 1531 408 1615 quod
429 1532 482 1598 ille
505 1549 523 1596 a
546 1533 648 1597 tuturo
670 1527 779 1616 diddo
805 1532 837 1596 id
859 1539 908 1596 est
928 1525 1037 1596 ἁλώσω
1059 1531 1249 1597 σκηναῖσιν
1272 1532 1343 1611 dicit,

232 1639 337 1698 uetera
362 1633 509 1712 igrotum.
553 1631 706 1697 omissum
733 1637 783 1695 est
810 1629 997 1711 gentilicium
1017 1630 1232 1714 Κεδρωσσοί,
1264 1636 1343 1711 eujus

232 1731 393 1798 admodum
413 1731 501 1794 uaria
521 1737 569 1794 est
588 1731 742 1812 scriptura
763 1746 790 1794 v.
810 1728 940 1795 Ellendt.
961 1730 999 1795 ad
1019 1732 1145 1796 Arriam.
1168 1733 1227 1796 ΠΙ.
1250 1731 1302 1812 28,
1322 1729 1343 1792 1,

235 1825 414 1913 Πενρωσσός
426 1829 528 1895 Sirab.
543 1829 619 1894 xlii.
634 1827 704 1894 589.
723 1822 911 1910 Διρφωσσός
928 1847 989 1910 quo
1002 1830 1174 1911 Lycophro
1191 1849 1257 1912 pro
1272 1830 1343 1906 Alp-

232 1951 296 2016 φνς
317 1930 427 2008 utitur3
441 1924 622 2010 Ἄμβροσσος
639 1928 731 1992 Paus.
751 1927 787 1990 X.
809 1926 839 2009 3,
860 1927 889 1992 2.
911 1943 967 2008 per
986 1926 1008 1991 ν
1029 1929 1186 2008 seriptum
1203 1932 1242 1994 iu
1260 1925 1341 1992 oodd.

234 2038 264 2095 et
279 2022 482 2112 Ἀμβρωσσεῖς
506 2027 538 2089 iu
564 2027 659 2090 lusor.
681 2026 844 2106 Ambryssi
870 2030 994 2106 reperta
1019 2025 1056 2089 N.
1080 2027 1176 2093 1729.
1200 2035 1234 2092 et
1260 2024 1341 2093 1736.

233 2129 279 2194 Do
305 2128 452 2210 Triopeida
473 2133 502 2190 ot
523 2123 593 2190 aliis
614 2125 766 2189 femininis
787 2123 953 2205 postmodo
975 2123 1082 2189 dieam.

691 2305 798 2370 CAP.
835 2303 876 2368 ll.

367 2447 424 2516 De
447 2443 646 2514 nominituo
671 2449 708 2513 in
734 2467 854 2527 ασιος,
882 2466 994 2538 εσιος,
1021 2468 1112 2524 rotor
1140 2453 1208 2516 ele.

317 2614 347 2684 s.
372 2609 400 2675 1.
440 2608 572 2672 Nomina
603 2608 747 2687 superius
770 2607 863 2672 allata
890 2605 1067 2693 κραύγασος
1099 2605 1262 2692 γόγγυσος
1290 2617 1339 2674 eto.

235 2709 337 2772 tuturo
366 2707 561 2788 suinoimus,
594 2721 701 2786 aquo
725 2705 917 2773 Grammatioi
945 2710 1047 2773 omnia
1072 2710 1234 2794 verbalia,
1264 2725 1340 2792 quae

236 2809 333 2888 sigma
354 2812 521 2889 ostentant,
542 2810 682 2886 repetere
703 2805 816 2888 solent,
835 2822 899 2869 uon
919 2807 1124 2874 derivatorum
1147 2810 1254 2874 solum
1276 2824 1339 2872 vor·

234 2906 344 2972 borum
371 2905 428 2970 sed
457 2904 677 2985 primitivorum
697 2921 819 2984 quoque
843 2906 946 2970 Sohol.
969 2907 1002 2972 ll.
1023 2909 1044 2973 l.
1066 2907 1136 2972 313.
1162 2910 1261 2992 κνίση
1281 2902 1339 2972 ἀπὸ

235 3007 293 3070 τοῦ
322 2999 498 3087 pemmo
535 3005 659 3066 πλεῖστα
685 2996 744 3084 γὰρ
772 2997 910 3086 ὀνόματα
936 2998 998 3068 ἀπὸ
1022 3001 1197 3087 uulnera
1223 3005 1338 3090 γέγονε,

236 3099 323 3182 ἅψις,
345 3100 438 3181 λέξις,
460 3097 552 3180 δόξα,
574 3096 683 3183 ἅμαξα.
716 3103 755 3166 El
777 3103 815 3168 ad
835 3105 871 3170 X.
894 3104 963 3170 290.
984 3100 1173 3188 πρόφρασσα
1196 3101 1337 3172 ἀπὸτοῦ

235 3203 306 3286 mpod
326 3194 369 3276 ὡς
388 3196 473 3283 παρὰ
492 3195 528 3265 τὸ
551 3203 597 3284 ded
615 3202 735 3284 βῆσσα,
756 3197 820 3278 ἄξω
840 3199 898 3280 ἄξα
918 3201 970 3267 καὶ
989 3200 1100 3287 ἅμαξα,
1121 3206 1220 3270 πείσω
1240 3215 1336 3270 παῖσα.

234 3301 345 3366 Verum
372 3300 472 3382 βῆσσα
501 3301 605 3382 potius
634 3316 702 3363 oum
727 3297 830 3381 βαθύς
857 3299 984 3384 patemo
1012 3311 1175 3384 cognatum
1209 3307 1336 3385 videtur,

183 3443 184 3446 =
235 3417 293 3465 neo
320 3401 443 3480 aptiora
469 3395 562 3482 δόξα,
592 3395 779 3481 πρόφρασσα
801 3409 831 3466 et
851 3397 960 3484 ἅμαξα.
1012 3403 1074 3471 Sed
1102 3403 1139 3468 de
1160 3405 1263 3485 primo
1284 3404 1333 3468 illo

236 3498 456 3582 propemodum
484 3498 649 3581 persuadet
667 3498 861 3565 Herodianus
889 3519 937 3582 ap.
960 3501 1100 3567 Euolatlr.
1121 3519 1151 3583 p.
1174 3503 1268 3586 1706,
1289 3502 1332 3568 36.

236 3600 265 3682 p.
293 3596 382 3681 1819,
408 3599 456 3663 40.
485 3590 629 3662 ἀπὸτοῦ
656 3599 721 3662 κνῶ
749 3600 840 3678 avido
867 3594 887 3684 ἡ
916 3608 1008 3666 κνῖσα
1034 3597 1157 3666 ἔκτασιν
1183 3603 1332 3684 λαβοῦσα,

235 3714 315 3781 quae
337 3697 451 3768 eolasio
475 3713 512 3761 eo
536 3697 655 3760 facilius
678 3698 796 3764 admitti
817 3707 922 3782 potest
943 3701 1026 3781 quod
1047 3717 1127 3782 quae
1148 3701 1180 3762 lu
1203 3717 1332 3766 aoousa·

235 3797 298 3860 tivo
319 3794 409 3858 κνίδα
429 3795 532 3861 brevis
553 3798 759 3882 estraellis,
788 3801 820 3862 in
840 3799 944 3883 κνίση,
965 3801 1056 3879 oete,
1078 3795 1221 3879 σκναιός,
1243 3800 1331 3881 longa

235 4103 248 4170 ί
293 4018 529 4170 ,18)σῗρὶνῗσσης
551 4017 662 4087 Nioeplr.
691 4017 779 4076 doust.
805 4021 839 4080 da
867 4023 947 4080 relus
970 4028 1031 4092 post
1051 4022 1160 4080 Murrio.
1184 4037 1213 4090 p.
1243 4022 1282 4080 13.
1299 4022 1326 4075 Ι).

248 4117 337 4158 omres.
354 4118 381 4158 m
439 4143 446 4158 .
577 4139 591 4160 ,α
