2772 4992
137 264 206 328 DE
232 263 325 330 NOM.
347 263 512 341 QUORUM
525 264 638 329 ellan.
660 263 736 329 EST
752 265 957 332 DENTALIS.
980 269 1012 334 C.
1026 270 1062 334 11.
1092 271 1161 338 339

26 447 182 494 causam
218 435 356 493 nostram
384 446 448 493 non
475 430 573 510 magis
602 431 753 509 attingunt
787 431 877 509 qiam
910 431 1050 496 Emodus
1077 451 1165 498 mons

23 530 114 592 Ptin.
141 529 187 590 V.
216 528 265 592 27.
288 545 307 590 a
329 527 455 592 Graecis
470 527 649 590 neutraliter
660 527 834 608 appellatus
848 523 993 611 Ἠμωδόν
1006 532 1055 595 vel
1064 528 1165 613 Ἠμω-

25 622 70 689 δα
98 621 183 708 ὄρη.
232 625 404 690 Hermodus
431 626 590 690 architecti
616 642 729 689 nomen
758 627 873 692 Vitruv.
904 629 952 693 lll.
975 629 1012 710 2,
1032 630 1061 694 5.
1083 647 1164 695 nunc

24 724 271 790 Hermodorus
292 725 440 806 seriptum
462 733 526 805 est;
550 725 702 805 genitivus
724 726 945 806 Καμανδωδοῦ
964 728 1096 809 Hippon.
1115 731 1161 794 lir.

27 826 83 890 20.
111 843 147 906 p.
175 823 234 888 58.
255 823 376 905 (omiss.
396 824 428 886 in
451 823 554 904 Thes.)
577 840 637 903 quo
660 823 748 887 locus
771 826 968 908 significatur,
990 828 1087 890 utrius
1106 845 1164 907 ge-

27 925 126 986 neris
164 923 217 986 sit
243 923 276 984 in
300 923 420 985 incerto
449 920 505 985 sed
532 921 687 986 secundae
709 920 909 988 declinationi
928 925 1162 991 adscribendum

30 1040 112 1085 esse
140 1020 292 1084 ostendit
313 1025 475 1102 accentus,
504 1037 593 1100 quem
621 1020 789 1102 protoolita
809 1023 841 1084 in
862 1023 1029 1102 penultima
1049 1025 1162 1089 habent

32 1113 239 1200 Παρσώδης
270 1118 368 1181 Persa
398 1117 486 1182 Diod.
516 1119 551 1182 ll.
578 1118 627 1182 33.
655 1112 795 1201 Ὀρώδης
827 1120 958 1185 Parthus
987 1123 1045 1186 Dio
1074 1124 1181 1188 Casa·

31 1218 187 1282 XXXIX.
215 1216 264 1284 56.
285 1221 316 1280 et
330 1218 490 1296 Troianus
513 1217 594 1297 virg.
617 1218 693 1281 Aen.
714 1217 750 1282 X.
772 1217 841 1282 732.
864 1225 894 1282 et
908 1237 927 1282 a
941 1237 1055 1302 graeca
1065 1224 1161 1304 stirpe

25 1313 212 1400 Ἡρώδης,
241 1317 290 1379 oui
323 1315 462 1378 nonnulli
494 1316 559 1378 iota
594 1316 846 1398 subscripserunt
880 1324 915 1381 ut
949 1322 1161 1401 patronymico

36 1412 214 1504 Μινώδης
243 1415 308 1479 llll.
334 1414 402 1497 165,
424 1413 472 1479 tt.
502 1413 564 1478 Sed
590 1414 752 1478 Nebrodes
779 1419 893 1479 montis
921 1418 1017 1482 Siculi
1047 1437 1160 1484 nomen

36 1518 94 1581 Sil.
121 1516 202 1580 Ital.
224 1514 300 1579 XlV.
321 1513 389 1577 236.
410 1506 450 1575 τὰ
472 1507 623 1596 Νεβςώδη
650 1510 708 1596 ὅρη
735 1515 834 1578 Strab.
857 1515 904 1580 lll.
925 1512 995 1581 274'.
1028 1518 1161 1598 adjecti-

37 1633 114 1678 vum
148 1621 207 1679 cst
236 1614 346 1678 tertiae
375 1611 591 1676 declinationis
621 1619 654 1676 ut
685 1607 898 1697 Πλαταμώδης
920 1609 1027 1699 (ἄκρα)
1058 1616 1159 1681 Strab.

39 1715 120 1778 lllll.
147 1712 228 1778 348.
256 1710 339 1793 qnod
365 1711 478 1789 injuste
509 1711 668 1776 aCoraeo
701 1712 862 1776 sollicitari
884 1712 1065 1778 documento
1088 1723 1159 1778 sunt

42 1813 163 1876 similia
184 1804 358 1891 Ὀστεώδης
378 1809 479 1872 insula
499 1809 587 1875 Diod.
608 1811 642 1875 ll.
665 1811 712 1874 11.
742 1806 935 1893 Κορααώδης
953 1807 1045 1894 λιμήν
1067 1812 1162 1896 (Sar-¹

41 1910 168 1994 diniae)
194 1902 537 1990 Ptolem-Kopopoidpc
558 1910 816 1992 promontorium,
845 1903 1042 1992 Κνααρώδης
1062 1912 1158 1974 sinus.

43 2011 89 2072 lle
114 2009 287 2090 adjectivis
309 2008 399 2087 liujus
426 2008 549 2088 generis
577 2006 689 2070 dictum
719 2014 767 2071 est
794 2008 855 2070 alio
884 2007 955 2072 loco
983 2007 1021 2072 ad
1049 2008 1157 2072 Buttm.

42 2107 115 2171 450.
162 2106 270 2170 Verbo
293 2114 382 2170 tenus
405 2106 521 2186 attingo
543 2100 738 2184 Χαλκώδων,
767 2101 940 2188 Θερμώδων
969 2113 1000 2169 et
1031 2107 1157 2170 verbum

46 2198 223 2290 ὀρῤωδεῖν,
255 2205 294 2272 de
321 2224 383 2289 quo
401 2204 476 2270 nihil
496 2203 603 2268 'adhuc
624 2204 777 2286 prolatum
799 2212 848 2270 est
870 2222 1004 2270 assensu
1025 2204 1157 2286 dignum.

517 2415 701 2482 CARII.

439 2543 528 2608 De
590 2562 612 2606 α
645 2562 665 2607 c
698 2546 713 2607 l
743 2563 775 2608 o.

133 2703 287 2788 Nomina,
315 2718 444 2783 quorum
464 2703 632 2784 penultima
652 2703 754 2767 linitur
772 2703 879 2786 alpina,
900 2705 1062 2784 peregrina
1084 2709 1155 2768 sunt

53 2805 99 2866 vel
121 2806 280 2870 hominum
296 2794 485 2884 Ἀρτάβαζος,
510 2797 721 2885 Φαρνάβαζος,
741 2803 915 2884 lapidatos,
932 2797 1089 2883 Οἰόβαζος,
1105 2803 1154 2865 vel
1218 2877 1223 2900 Ι

54 2902 174 2966 urbium
195 2897 340 2982 Ἄραξος,
363 2897 524 2982 liupoton,
547 2917 638 2964 unum
660 2900 877 2981 appellativum
897 2896 1036 2978 τόπαζος.
1078 2902 1153 2964 ltem

55 3000 199 3066 leminina
221 2997 399 3084 Βαρύναζα,
428 2995 571 3082 Pelopeia
593 3007 651 3063 eto.
681 2997 737 3062 sed
767 3005 798 3061 et
827 2999 1042 3080 appellativum
1071 2997 1152 3067 dorni

55 3106 157 3164 natum
179 3095 293 3183 χάλαζα
313 3095 397 3182 παρὰ
416 3094 452 3163 τὸ
472 3099 554 3181 zato
575 3098 640 3162 ΕΜ.
665 3096 748 3179 quod
768 3098 840 3161 milri
860 3115 923 3160 non
945 3105 1005 3162 tam
1037 3104 1152 3160 certum

56 3197 175 3264 videtur
204 3216 294 3280 quam
321 3198 563 3280 Lexicographis
590 3198 724 3279 nostris,
757 3213 814 3260 neo
842 3198 939 3276 magis
965 3194 1152 3279 persuadent

56 3288 176 3375 ἀλαζών
197 3299 236 3362 ab
257 3293 315 3380 tau
337 3297 505 3361 derivatum
534 3313 623 3378 esse,
644 3295 700 3359 sed
721 3295 796 3358 nihil
814 3296 944 3358 rationis
967 3296 1025 3359 diei
1046 3300 1152 3375 potest

58 3396 126 3473 quin
153 3391 297 3479 caprilios
327 3403 484 3479 repetatur
506 3413 524 3458 a
545 3389 667 3476 Σάβος,
690 3394 739 3457 oui
761 3395 877 3459 Coraes
900 3394 937 3458 ad
959 3393 1059 3458 Strab.
1081 3390 1150 3456 222.

57 3497 175 3561 confert
202 3498 349 3560 novitium
378 3491 468 3578 ζαβός
488 3492 519 3557 id
539 3498 588 3557 est
608 3487 791 3575 παράφρων.
833 3492 907 3556 Urbi
933 3489 1151 3555 macedonicae

59 3591 155 3671 Misco
177 3596 349 3659 terminatio
372 3594 540 3658 eommunis
562 3599 611 3657 est
632 3609 699 3656 eunt
720 3609 834 3672 graeoo
861 3587 973 3675 ἅραεζα
1000 3590 1066 3653 sive
1092 3582 1150 3666 ἅρ-

60 3693 151 3772 cetos,
174 3693 230 3758 sed
250 3694 310 3758 hoo
331 3695 431 3775 ipsum
452 3700 552 3756 utrum
573 3691 702 3773 simplex
724 3691 765 3754 sit
786 3690 824 3753 ab
845 3685 938 3772 uipera}
965 3684 1090 3752 ἄκανθα
1111 3705 1151 3751 an

63 3793 233 3870 copulatum
258 3798 293 3855 ut
318 3787 477 3873 ἕρκόπεζα,
511 3807 574 3855 non
601 3796 796 3871 perspectum
826 3788 981 3852 habemus.
1030 3787 1150 3850 Tertiae

61 3889 173 3955 vocalis
196 3891 335 3972 exempla
356 3892 505 3972 praebent
530 3884 650 3966 Ψώιζος
670 3883 790 3970 ἄφοδος
813 3880 894 3968 ὑγρά
914 3887 986 3949 lles,
1008 3889 1039 3947 et
1067 3882 1150 3965 quod

13 4023 16 4032 ·
64 3982 137 4052 idem
155 3989 398 4054 volorovidelur
423 3991 512 4077 ψῷζα
537 3982 631 4061 νόσος
656 4007 718 4064 τις,
747 3979 883 4068 κνησμὸς
906 3979 981 4066 μετὰ
1001 3980 1151 4056 innodius

66 4081 142 4152 Suid.
162 4087 218 4154 scd
239 4089 320 4171 apud
339 4089 481 4154 Plotium
501 4088 588 4166 νώζα
608 4086 733 4170 legitur,
753 4085 786 4148 in
805 4084 871 4150 EM.
891 4084 963 4160 ψώα
983 4078 1037 4148 καὶ
1055 4082 1151 4160 coitu,
