2768 4994
164 299 216 376 DE
233 310 329 377 ΝΟΜ.
347 307 512 388 QUORUM
527 307 641 374 CHAR.
659 306 736 372 EST
755 309 886 376 Sidam.
908 311 941 376 C.
958 313 1006 378 Ill.
1074 313 1144 383 433

9 477 141 541 Liberi
160 475 261 541 Patris
283 475 450 539 commilito
469 473 631 555 inducitur,
653 471 807 552 dactylum
830 476 942 558 explet,
965 477 1139 544 femininum

9 573 176 656 Κρεμίση
195 576 227 637 in
250 575 387 658 oraculo,
408 573 490 656 quod
511 575 542 636 in
565 573 655 636 Thes.
679 573 811 655 affertur,
825 581 1034 654 anapaestum.
1077 577 1141 641 Pa-

9 673 185 754 ropamisi
205 690 335 757 nornen,
364 674 446 756 quod
475 671 567 752 vulgo
597 671 643 736 sic
664 671 903 750 pronunciamus
925 679 959 736 ut
979 673 1137 757 Ponticas,

9 767 210 853 ubicunque
231 773 312 852 apud
334 779 445 855 poetas
466 771 594 852 legitur,
622 768 691 832 libri
719 767 810 832 modo
840 768 1044 852 Παρπανισός
1072 777 1139 840 siue

9 865 245 950 Παρπάμισος
267 873 397 936 oderunt
419 876 564 950 correpta
585 867 761 950 penultima,
783 867 875 934 modo
900 869 1088 955 Παρνησσός
1109 887 1140 940 a·

9 968 215 1048 Bernhardy
235 969 273 1033 ad
294 970 384 1033 Dion.
407 969 477 1034 737.
498 969 630 1032 Emesae
650 981 763 1028 nomen
786 980 877 1047 quarn
897 971 982 1033 vario
1003 970 1140 1036 habitum

9 1070 142 1150 luerit,
173 1072 238 1147 lam
266 1067 383 1132 dixisse
412 1083 461 1131 me
488 1065 619 1130 memini.
671 1058 844 1146 Καμβύσης
871 1076 966 1146 poeta
992 1071 1138 1149 ignobilis

9 1167 123 1231 Anth.
148 1183 205 1247 pro
229 1165 435 1246 amphimacro
453 1165 566 1229 habuit.
605 1157 762 1246 Ἰηλυσσός
777 1163 920 1229 exhibent
933 1173 1056 1232 ueteres
1069 1168 1138 1234 llo-

10 1267 103 1329 meri
140 1265 223 1329 editt.
251 1263 402 1346 producto
430 1280 486 1343 per
515 1265 613 1344 sigma
641 1261 752 1343 duplex
782 1261 884 1341 ypsilo
918 1265 1000 1345 quod
1027 1267 1142 1333 natura

9 1365 133 1427 breve
151 1380 223 1426 esse
244 1363 380 1442 lleyuius
395 1364 578 1442 comprobat
591 1360 713 1425 Pindari
728 1361 921 1442 testimoni03
943 1368 1137 1446 nequeenim

13 1462 114 1527 credi
146 1467 253 1542 potest
278 1476 391 1524 nomen
419 1459 607 1542 conditam,
635 1458 673 1523 de
705 1477 766 1540 quo
797 1459 847 1523 hio
868 1460 1020 1545 loquitur,
1049 1464 1138 1528 aliter

12 1561 267 1643 pronunciatum
297 1575 369 1622 esse
396 1575 485 1639 quarn
513 1559 615 1641 urhis,
644 1574 681 1621 ac
702 1575 740 1622 ne
763 1567 923 1623 accentum
944 1560 1066 1641 quidem
1088 1561 1138 1626 di-

13 1675 157 1723 versum
178 1658 324 1722 hahuisse
346 1657 518 1737 colligimus
540 1657 670 1740 curaliis,
692 1675 769 1737 quae
791 1659 821 1720 in
842 1658 900 1721 hac
920 1659 1137 1725 dissertatione

13 1760 151 1822 intexta
172 1761 254 1839 sunt,
275 1756 433 1838 exemplis.
473 1755 564 1836 Apud
586 1755 773 1836 Stephanum
789 1759 835 1821 sic
853 1757 973 1838 quidem
989 1761 1143 1838 scriptum·

17 1863 72 1920 est
97 1851 273 1938 Κρυασσός
291 1851 378 1928 πόλις
399 1855 520 1936 Καρίας
540 1846 602 1916 ἀπὸ
617 1849 951 1934 Κρυάσσου,’Ῥδισσός
966 1849 1137 1921 ἄπὸἭίσ-

17 1970 94 2034 σου,
114 1949 249 2037 *Υηττός
270 1948 331 2017 ἀπὸ
348 1947 498 2037 Ὑήττου,
521 1951 577 2017 sed
598 1952 656 2016 hae
678 1954 928 2018 accentiunoulae
949 1970 1056 2034 parum
1078 1973 1137 2018 au-

20 2055 187 2117 ctoritatis
207 2054 320 2118 hahent
342 2058 372 2116 et
394 2051 476 2132 quod
500 2051 538 2115 ad
559 2058 748 2132 postremum
771 2054 897 2134 attinet,
919 2053 950 2114 in
972 2052 1062 2117 Paus.
1086 2056 1136 2128 m

19 2152 74 2236 24,
99 2153 132 2218 3.
156 2154 266 2216 atrici
289 2151 899 2231 etuirinomenproparonytononest.
934 2150 1136 2226 Quodautem

22 2247 211 2348 Γαργητξός
238 2269 285 2332 ap.
308 2249 414 2329 Steph.
439 2267 463 2314 s
482 2241 624 2331 Ἀλήσιον
652 2250 734 2312 etin
755 2250 910 2332 plerisque
934 2249 1023 2313 codd
1044 2251 1136 2315 Paus

20 2351 89 2414 Vll.
114 2331 169 2432 22,
190 2351 218 2414 7.
242 2350 395 2413 diversum
417 2366 435 2410 a
457 2347 545 2410 demo
568 2353 725 2410 accentum
747 2348 840 2412 habet
860 2351 945 2411 ut?
911 2345 1058 2431 ..φηπός
1071 2344 1135 2415 ἀπὸ

24 2444 186 2530 Σφήπου
197 2448 302 2529 Steph.
315 2446 346 2510 id
368 2447 502 2527 positum
516 2447 586 2509 cst
576 2463 608 2509 rn
625 2449 790 2524 oxytonesi
803 2447 958 2534 domorum
972 2451 1010 2512 cl.
1024 2450 1132 2515 Lehrs

24 2548 124 2611 Arist.
147 2546 218 2612 288.
240 2546 325 2611 .Jam
348 2562 439 2627 quarn
460 2547 585 2608 nomina
604 2546 636 2609 in
664 2561 739 2621 υσος
761 2524 896 2626 oxytona
915 2546 1000 2610 nulla
1021 2556 1134 2632 autent,

21 2638 166 2718 Ἰάλυσος
194 2661 316 2726 quoque
343 2646 459 2708 rectius
488 2646 608 2724 gravari
637 2662 726 2726 quam
752 2645 820 2708 acui
848 2643 977 2709 ridetur.
1018 2645 1133 2712 Poetas

26 2753 131 2808 autern
155 2745 253 2825 sigma
270 2743 487 2826 producendae
514 2743 700 2823 penultimae
722 2745 912 2826 geminasse,
940 2761 1004 2808 uon
1032 2746 1133 2810 solnm

25 2839 198 2924 ταμάσσιος
220 2842 367 2926 ostendit,
396 2842 516 2922 dequo
539 2843 572 2907 C.
594 2842 617 2906 l.
641 2849 669 2918 §.
693 2842 719 2906 1.
741 2842 854 2906 dictum
876 2831 935 2905 'est
964 2843 1019 2908 sed
1042 2847 1133 2910 etiarn

27 2943 102 3006 urbs
125 2941 243 3021 Lydiae
272 2957 361 3022 quam
390 2941 551 3004 Hierocles
578 2941 611 3004 in
633 2940 763 3020 Syneod.
786 2957 811 3004 c.
833 2940 882 3004 23.
905 2937 1051 3025 Κεράσην
1071 2961 1133 3009 uo-

29 3047 86 3124 cat,
107 3041 241 3105 Nonnus
262 3057 337 3103 vero
359 3039 476 3104 XXXll.
498 3039 568 3104 234.
592 3039 750 3122 pluraliter
771 3032 943 3120 Κεράσσας.
977 3036 1081 3116 Ἴασος
1099 3043 1133 3110 in

29 3139 217 3202 carminibus
239 3139 290 3202 uhi
311 3138 431 3220 legitur,
453 3138 586 3202 tribreua
612 3146 670 3217 est,
693 3138 749 3203 sed
767 3131 877 3212 Ἰασσίς
897 3141 1058 3222 usurpavit
1080 3142 1133 3206 Si-

29 3235 108 3302 lent.
128 3237 241 3318 Eophr.
269 3237 304 3301 ll.
333 3235 401 3300 179.
455 3233 612 3311 Τιθασσός
638 3239 746 3301 mirum
775 3244 824 3302 est
852 3237 933 3318 apud
961 3239 1132 3318 scriptores

28 3337 166 3400 numeris
196 3337 318 3400 solutos
347 3353 499 3419 persaepe
526 3337 586 3416 legi
608 3351 665 3417 pro
687 3332 831 3415 τιθασός,
860 3337 943 3417 quod
971 3344 1131 3417 poetarum

30 3437 193 3499 atticorum
219 3425 251 3499 'et
278 3441 457 3498 exterorum
484 3437 668 3499 testimoniis
703 3437 840 3517 plurimis
875 3435 996 3516 fultum,
1034 3451 1133 3515 nuper

32 3532 120 3596 otiam
148 3533 210 3596 illis
240 3535 359 3598 restitui
388 3541 534 3613 coeptum
559 3541 608 3598 est
636 3553 663 3598 v.
692 3534 869 3598 Schneider.
902 3531 941 3596 ad
968 3531 1043 3595 Plat.
1067 3533 1130 3597 Ciu.

34 3628 63 3692 l.
83 3630 134 3695 ΙΙΙ.
160 3649 188 3712 p.
212 3631 279 3696 177.
322 3631 388 3695 Nec
412 3633 512 3696 minus
540 3633 603 3696 late
629 3634 714 3696 tluxit
743 3649 841 3712 aeque
862 3624 1131 3710 vitiosum'PJpso-

33 3737 91 3800 ons.
135 3729 279 3806 systolae
302 3729 472 3811 exemplum
494 3737 541 3794 est
560 3732 713 3794 Leucosia
733 3735 877 3810 correpta
891 3726 1027 3792 secunda
1042 3726 1129 3793 ovid.

34 3824 100 3892 liet
122 3827 185 3892 XV.
207 3827 276 3892 708.
301 3829 353 3892 Sil.
376 3829 440 3893 ltal
462 3829 537 3894 Vlll.
558 3827 628 3893 578.
649 3827 701 3890 uhi
722 3827 860 3891 nonnulli
880 3827 1032 3890 Leucasia
1053 3827 1132 3890 suh-

35 3926 167 3990 stituunt
218 3926 302 3990 Sed
241 3928 443 4022 *maxima
475 3929 632 3991 contentio
658 3927 802 3991 consistit
833 3926 917 3988 circa
949 3926 1085 3988 nomina
1099 3927 1131 3988 in

36 4037 114 4099 anos,
135 4040 226 4108 ησος,
248 4043 315 4100 ισος
336 4027 485 4090 exeuntia.
528 4027 604 4090 Nam
626 4023 708 4106 quod
730 4023 920 4089 Sohubartus
943 4031 974 4088 et
994 4023 1131 4090 Walzius

38 4125 222 4205 scripserunt
248 4127 280 4190 in
306 4126 405 4190 Praei.
433 4125 605 4190 Pausaniae
633 4143 662 4206 p
690 4123 762 4188 XLl
796 4125 917 4188 nostris
953 4119 1064 4186 diebos
1097 4125 1132 4187 in
1186 4207 1187 4212 ἵ

70 4236 173 4292 Ludeck.
190 4241 326 4304 Pallaclog.
884 4220 925 4285 28
1051 4287 1053 4290 .
