2770 4992
271 285 324 349 DE
346 283 441 348 MU'l'.
465 282 621 348 TERHIN.
643 282 796 350 causis.
830 285 863 351 C.
878 285 926 350 ili.
948 293 978 361 ς.
991 285 1019 350 3.
1155 287 1197 354 01

84 449 217 516 Gramm.
248 467 279 532 p.
306 448 377 516 867.
405 467 463 532 pro
491 449 707 530 homonymiae
735 449 877 531 exemplo
906 449 993 514 affert
1019 444 1108 515 ruico
1134 441 1197 516 lxl-

80 571 162 632 γενος
189 546 249 612 καὶ
273 544 446 623 θαλάσσιος
471 545 524 612 καὶ
545 531 709 629 eripietne,
738 567 800 631 qno
821 549 868 614 Jo.
889 549 1081 630 Plriloponns
1101 551 1196 616 ulitur

80 649 119 714 ad
145 649 275 728 nnalyt.
303 649 389 713 Post.
417 665 447 730 p.
468 648 518 713 30.
539 649 569 714 b.
600 655 630 712 el
656 647 940 731 muscetanum.
989 648 1194 724 anntilinuna

4 793 6 822 ,
80 748 283 832 1111213.
312 753 430 812 taurus
457 749 582 812 ammai
609 751 643 812 ct
656 751 788 827 siccum
815 748 967 811 incocto
994 754 1053 812 etc.
1081 748 1194 828 quibua

79 849 167 929 paria
196 848 289 928 ponit
315 847 465 911 Priscian
494 846 532 910 de
559 847 622 911 llll.
647 848 752 910 Verss.
774 847 829 911 Vl:
843 846 904 911 315
929 846 1038 928 (1245)
1066 863 1105 924 ac
1127 850 1194 926 jorn
1239 891 1244 898 -

77 947 258 1026 Xenophon
280 947 384 1027 Symp.
404 946 452 1010 IV.
464 945 493 1010 2.
515 945 640 1009 verbum
660 947 762 1026 pelato
783 946 824 1009 ob
846 945 998 1026 duplicem
1017 945 1140 1010 ¹amandi
1162 954 1194 1012 ot

77 1044 248 1110 osculandi
277 1045 533 1124 significationem
560 1037 730 1125 ὁμώνυμον
756 1047 888 1110 vocavit.
930 1045 1043 1125 Aptius
1064 1061 1140 1110 vero
1161 1046 1193 1112 id

77 1145 161 1227 qnod
184 1145 319 1225 primurn
348 1151 398 1206 est
424 1144 505 1206 inter
533 1143 623 1224 plura
644 1141 784 1222 ejusdem
805 1144 938 1207 nominis
959 1152 990 1206 et
1012 1159 1111 1223 poeno
1133 1160 1193 1208 nn·-

3 1231 5 1254 *
76 1253 138 1308 turn
161 1261 236 1307 cum
264 1259 299 1306 re
329 1242 400 1322 ipsa
422 1245 591 1322 proprium
613 1241 739 1324 dicitur,
766 1258 846 1322 quae
874 1242 945 1304 lrinc
966 1243 1194 1308 transferuntur

3 1345 4 1360 ¹
76 1344 252 1407 tralaticia
273 1345 311 1402 ct
331 1358 353 1404 a
370 1341 453 1420 pede
472 1345 585 1405 ocare
603 1359 663 1423 pos
679 1342 759 1404 lecti
773 1357 812 1404 uc
828 1340 922 1404 ictuc
935 1340 1020 1405 Varr.
1035 1341 1083 1406 Vl
1097 1359 1126 1423 p.
1141 1341 1191 1408 66.

2 1457 3 1464 ’
73 1436 117 1516 οὓς
137 1435 203 1523 γὰρ
231 1435 267 1502 ἐν
284 1439 329 1525 τῷ
355 1432 515 1526 ἀνθρώπῳ
536 1435 629 1522 μέρος
647 1441 705 1504 τοῦ
727 1434 871 1520 σώματος
887 1431 1023 1521 ἀνέχεται
1043 1433 1107 1504 ὑπὸ
1126 1442 1193 1504 τῶν

73 1540 204 1614 ποδῶν,
234 1534 391 1601 οὕτωκαὶ
412 1531 431 1620 ἡ
452 1538 540 1621 cottam
568 1539 616 1604 Jo.
638 1539 757 1620 Plrilcp.
779 1537 798 1602 l.
821 1555 846 1602 c.
869 1537 966 1618 pso.
1014 1537 1066 1602 llli.
1083 1555 1189 1622 porro,

2 1681 3 1696 τ
74 1641 100 1704 si
122 1655 221 1702 unum
243 1654 262 1701 e
282 1636 404 1700 dnobus
426 1637 476 1700 vel
497 1637 636 1718 pluribus
659 1636 795 1700 ostendit
814 1653 928 1720 genus,
960 1637 1090 1702 alterum
1110 1656 1189 1720 spe-

73 1740 170 1819 ciem,
202 1735 313 1799 eodem
341 1735 483 1799 trahunt:
512 1732 646 1818 neopum
672 1730 847 1818 ὁμωνύμως
873 1736 918 1821 τῷ
944 1731 1025 1816 γένει
1050 1733 1087 1802 τὸ
1107 1733 1192 1814 elaios

73 1830 136 1900 alae
165 1829 239 1899 ἀντὶ
264 1835 323 1898 τοῦ
341 1828 440 1916 νομέα
460 1834 564 1900 schol.
587 1834 642 1902 Od.
663 1834 699 1898 it
719 1833 808 1900 82¹¹
830 1851 923 1898 ormo
945 1853 1042 1916 quum
1061 1840 1107 1902 stt
1126 1838 1190 1902 ho·

1 1949 2 1960 ¹
72 1951 251 2016 moopmoo
279 1937 312 1997 ct
337 1935 450 1996 curios
477 1950 531 1998 τσο
559 1932 732 2013 sipctficct,
766 1933 914 2012 siceotae
937 1949 1050 1998 curum
1069 1935 1188 2001 uoooot

72 2051 137 2098 rac
160 2034 296 2096 comica
316 2031 413 2096 Prisc.
435 2032 454 2096 l.
476 2048 502 2097 c.
523 2032 559 2097 ll.
579 2032 661 2097 279..
677 2033 744 2096 Nos
765 2049 851 2115 uero,
872 2049 911 2116 ne
932 2049 985 2096 res
1007 2033 1189 2098 diversissi-

71 2149 141 2196 mae
164 2133 197 2194 in
219 2132 312 2193 unius
332 2131 552 2211 appellationis
575 2132 736 2211 angustias
758 2131 1009 2214 compingantur,
1032 2132 1187 2214 homony-

71 2249 121 2296 ma
142 2232 178 2294 in
198 2229 311 2293 iisdem
333 2230 526 2294 continemus
547 2230 668 2313 linibus,
690 2247 771 2311 cynos
794 2230 1016 2295 Grammaticus
1038 2232 1069 2294 in
1087 2231 1185 2296 Cram.

71 2327 191 2393 Anectl
215 2327 328 2392 1424.
358 2329 534 2412 constituit,
569 2328 624 2393 sed
654 2337 726 2392 octo
756 2329 826 2393 illas
855 2330 1119 2411 praescriptiones
1147 2331 1187 2396 ad

72 2430 228 2510 pauciora
254 2426 421 2508 redigimus
448 2429 559 2508 capita.
608 2428 741 2493 Primum
768 2421 921 2511 ὁ.ἐλα’της
943 2435 973 2492 et
993 2430 1048 2512 τῆς
1068 2425 1186 2513 ἐλάτης,

71 2525 147 2610 ἔχεις
169 2527 298 2590 uerbum
327 2532 359 2588 ot
386 2521 461 2606 ἔχεις
481 2527 708 2590 substantivum
735 2527 921 2607 homonyma
947 2544 1011 2592 non
1032 2545 1105 2594 esse
1126 2529 1185 2594 atl-

71 2629 203 2692 monitio
228 2640 461 2706 supervacanoa
482 2632 541 2709 est,
563 2643 655 2707 quum
675 2643 765 2690 nemo
788 2628 910 2706 ignoret
930 2627 991 2691 hoc
1011 2645 1124 2694 nomen
1145 2628 1185 2694 etl

1 2723 2 2748 l
71 2729 189 2807 primas
218 2725 372 2805 pertinere
400 2724 592 2809 positiones,
626 2741 690 2788 non
717 2725 756 2790 ad
785 2727 930 2790 fortuitas
961 2720 1185 2808 σννεμτττώσεις

71 2819 134 2889 οότὸ
157 2817 324 2906 διαφόρων
345 2818 491 2904 θεμάτων
513 2824 617 2889 Schol.
640 2824 695 2889 od.
718 2826 752 2889 V.
775 2825 845 2891 281.
867 2842 967 2906 neque
990 2827 1131 2905 cuiquam
1152 2826 1184 2890 in

71 2931 207 2989 mentem
228 2923 330 2986 veniet
352 2921 655 2987 huovre‘lerre‘mcto
679 2930 708 2987 ct
730 2923 817 2988 Moto
840 2941 879 2988 ex
899 2925 1029 2989 Varron.
1049 2923 1098 2988 IX.
1114 2923 1182 2989 150.

73 3042 109 3088 ac
137 3040 178 3086 no
207 3022 282 3086 illud
307 3020 429 3102 quidem
456 3021 495 3084 ab
517 3021 680 3086 Eustatlrio
709 3023 839 3087 rolatum
866 3041 896 3104 p.
918 3022 1007 3105 1558,
1028 3022 1056 3088 5.
1084 3023 1184 3098 Κοῖος

72 3117 244 3205 ὁμώνυμον
269 3121 313 3206 τῷ
338 3113 424 3201 παρὰ
451 3115 619 3184 Μακεδόσι·
648 3121 726 3208 κοίῳ
752 3115 910 3185 τουτέστιν
936 3114 1078 3208 ἆῳνθμῷ,
1111 3139 1182 3188 narn

73 3227 223 3286 sexcenta
244 3227 316 3284 sunt
338 3221 469 3301 quaein
490 3218 623 3285 diversis
639 3220 756 3301 linguis
777 3221 857 3290 idem
879 3227 1005 3305 sonent,
1027 3238 1086 3287 nec
1111 3223 1182 3286 ani·-

72 3322 288 3386 maduersione
311 3317 417 3402 digna,
437 3313 548 3402 ’Ἁοτος
568 3325 599 3382 et
621 3315 729 3402 ἄρτος,
753 3321 849 3385 Cinna
871 3329 901 3385 ct
922 3321 1029 3400 κίννα,
1057 3317 1183 3396 wolton

72 3422 172 3502 gentis
201 3434 316 3484 nomon
344 3422 375 3482 et
401 3413 534 3497 cultos,
561 3410 663 3502 Ῥώμη
685 3425 716 3482 et
737 3415 841 3504 ῥώμη,
877 3420 926 3483 hic
953 3421 1072 3503 Vacca,
1103 3420 1181 3486 haec

72 3520 189 3602 Vacca,
217 3518 268 3582 hic
287 3519 371 3582 Arsa
391 3517 468 3581 lraec
488 3518 570 3581 Arsa
598 3524 656 3582 eto.
683 3535 763 3600 quae
784 3521 889 3601 potius
911 3520 1110 3602 homophona
1131 3520 1182 3584 di-

74 3618 169 3683 centla
196 3622 270 3680 sunt
291 3615 341 3680 uel
363 3623 447 3696 certe
470 3609 622 3698 ὁμώνυμα
643 3610 705 3680 ἀπὸ
726 3613 820 3702 τύχης
839 3620 968 3686 Aristot.
990 3620 1109 3685 Nicon.
1130 3622 1179 3685 lv.

74 3736 99 3799 p.
122 3716 209 3783 1096.
232 3715 262 3780 h.
284 3713 334 3778 27.
355 3714 504 3795 Porphyr.
522 3715 617 3795 Exeg.
639 3717 670 3778 in
693 3716 797 3797 Categ.
820 3735 848 3799 p.
866 3718 895 3784 8.
910 3717 939 3782 b.
988 3720 1128 3801 Denique
1148 3721 1180 3784 in

72 3819 270 3881 univocorum
286 3829 444 3879 numerum
462 3813 546 3877 nulla
565 3813 751 3882 admittimus
771 3818 925 3882 uocabula
938 3819 997 3883 nisi
1011 3835 1090 3901 quae
1104 3835 1181 3899 per-

131 4056 176 4124 ll)
203 4053 295 4109 Sclrol.
309 4051 367 4106 Nic.
378 4051 455 4108 Alex.
468 4049 526 4108 cto.
545 4049 621 4106 Ther.
636 4052 695 4109 stu
714 4053 869 4122 polyonyma
885 4060 962 4108 uocat
976 4065 1044 4122 quae
1060 4052 1179 4120 ejusdem

68 4139 226 4196 substantiae
245 4136 408 4194 differentias
426 4136 586 4206 significant,
604 4135 705 4204 μύκης,
725 4135 866 4204 ἀμανίτας,
885 4137 998 4205 potitus
1015 4141 1066 4192 etc.
