2772 4992
49 267 117 330 DE
139 266 241 332 ΝΟΜ.
257 267 422 345 QUORUM
436 267 550 334 culn.
563 269 640 335 EST
654 271 859 342 uuurlms.
882 280 973 347 eiu.
988 263 1059 358 §.J3
1087 286 1157 354 367

13 433 223 496 afferuntur
249 451 269 496 a
294 433 430 514 mongo.
458 433 508 500 58.
537 436 602 500 EM
623 436 956 522 sermomonem
986 443 1152 527 exveog‘
1133 477 1155 538 η

13 525 180 613 ἡμίονος
201 525 286 613 παρὰ
305 529 341 595 τὸ
362 527 404 615 μὴ
426 528 512 597 κύειν
541 541 571 598 ei
590 532 806 616 μυμμάκυθος,
828 558 920 607 unum
941 544 1071 629 simplex
1092 553 1155 617 Mt-

13 635 147 704 κυθος
163 631 223 693 riri
238 647 351 694 nornen
366 647 428 695 nor
441 632 636 698 incelebrev.
652 635 784 700 Siebelis
800 639 838 702 ad
853 641 943 707 Paos.
953 645 985 709 V
992 645 1040 710 24
1048 666 1077 729 p.
1084 649 1153 717 273.

13 749 43 792 a
70 725 199 810 μικκός
220 728 399 810 productum
422 731 556 795 tortasse
578 740 745 812 praeeunte
758 735 909 816 adJeotrvo
931 741 1073 824 μλκυθος,
1096 765 1153 811 ou-

13 836 83 910 jus
112 829 283 909 imaginem
304 830 398 892 refert
417 847 478 892 vox
500 846 657 911 paragoge
676 829 871 913 μικυθινος
861 857 881 903 ι
898 857 931 920 q.
952 839 1061 925 μικρός
1080 846 1153 935 Hes.

13 931 111 992 hino
146 927 296 1007 deinceps
323 927 499 991 Μικνθλων
518 929 648 1009 Appiae.
677 933 744 1011 SJr.
767 951 792 998 o.
815 936 878 1001 XII.
907 946 938 1003 et
966 945 1107 1023 Epaone!
1104 966 1153 1009 ον

13 1029 61 1090 in
92 1027 189 1090 Com.
215 1026 263 1089 Fr.
285 1024 320 1088 u.
342 1024 412 1090 266.
438 1019 481 1100 ὡς
498 1022 673 1107 Ἥφαιστος
694 1024 901 1116 Hermodoro,
930 1035 1013 1103 οὕτω
1040 1041 1153 1127 γοργῦς

23 1121 219 1207 Γόρνυθος
233 1123 421 1205 Γοργυθίων
435 1125 500 1188 EM.
523 1125 593 1209 288,
607 1127 657 1193 48.
680 1131 762 1210 quod
776 1133 881 1200 herois
899 1139 1023 1218 Troiani
1041 1158 1153 1210 nomen

20 1224 202 1288 Meinelrio
223 1223 301 1285 Hist.
324 1221 409 1286 Com.
432 1223 500 1288 327.
522 1226 660 1292 asianum
682 1229 801 1295 videtur
822 1236 927 1314 potius
948 1255 1038 1318 quam
1058 1257 1152 1322 grae-

27 1341 121 1387 oum.
163 1317 315 1401 Κόρυθος
337 1327 367 1384 ot
388 1323 545 1404 proprium
567 1331 615 1388 est
638 1333 667 1389 et
690 1330 922 1410 appellativum:
950 1334 1090 1421 κόρυθος
1108 1336 1152 1418 εἷς

25 1423 103 1484 τῶν
126 1420 279 1503 τροχλλων
298 1421 371 1484 Hes.
394 1422 443 1483 oui
464 1428 627 1500 cognatum
645 1422 799 1509 κορύθων
820 1423 995 1515 ἀλεκτρυών
1016 1447 1046 1503 et
1060 1437 1152 1525 κόρυ-

29 1521 95 1595 δος
118 1522 191 1584 sivo
210 1514 368 1600 κορνδών,
392 1519 502 1599 quibus
526 1523 665 1588 omnibus
689 1544 762 1591 aves
783 1531 929 1596 oristatae
952 1542 983 1600 et
1002 1539 1151 1618 galeritae

31 1619 259 1699 significamur
288 1617 378 1682 laoile
398 1623 432 1681 ut
453 1626 602 1698 appareat
623 1639 642 1684 a
662 1619 757 1704 κόρος
780 1627 917 1696 derivata
938 1651 1018 1700 esse.
1059 1640 1151 1705 Alte-

32 1735 110 1782 rum
134 1717 276 1797 ψλμυθος
295 1718 449 1797 peregrini
470 1717 588 1796 simile,
611 1728 694 1786 oerte
721 1741 852 1804 graecae
881 1732 1007 1811 originis
1037 1753 1149 1818 expers

35 1824 101 1881 est.
149 1817 284 1880 Tertium
312 1810 494 1898 ioJ'avdos‘
477 1839 497 1900 η
523 1813 656 1900 λάγυνος
681 1821 734 1885 καὶ
760 1819 796 1888 τὸ
822 1824 936 1908 μεταξὺ
956 1833 1014 1895 rori
1033 1836 1149 1899 λανκα·

34 1917 115 1980 νλου
146 1912 199 1978 καὶ
226 1916 284 1979 τοῦ
306 1908 435 1997 αὐχένος
459 1910 575 1998 ἠχῶδες
596 1921 700 1985 Schol
722 1922 798 1988 Plal.
820 1942 849 2005 p.
870 1927 939 1993 334.
960 1947 1150 2014 paragogum

37 2017 112 2079 sine
135 2013 229 2077 dubio
251 2013 300 2077 rel
321 2008 446 2089 ιλέκος
463 2017 522 2100 vel,
544 2019 627 2099 quod
647 2028 793 2105 praestat,
815 2027 956 2106 alaneio
976 2029 1056 2094 unde
1077 2055 1150 2115 λορι

37 2117 194 2177 stolonis
216 2118 246 2176 et
266 2110 516 2198 κομπολακύθης
544 2117 627 2184 Μοιιι
649 2126 698 2183 est
720 2121 823 2201 oppidi
844 2139 955 2190 nornen
975 2130 1068 2194 vieini
1089 2134 1149 2197 Το-

39 2211 423 2278 ronaemuo.1u.113.
453 2216 781 2297 quammoognostus
809 2219 964 2307 Ληκυθην
991 2230 1149 2310 appellare

40 2312 202 2376 videtur'
194 2327 226 2374 ιιι
251 2326 370 2374 oenone
399 2328 505 2377 omnes
524 2316 652 2380 rooales
673 2318 850 2436 complexo:
886 2317 925 2385 τὰ
945 2323 987 2399 εἰς
1006 2314 1051 2410 8η
1072 2325 1147 2392 σπιλ-

41 2433 97 2474 νιοι
118 2406 204 2473 πάνυ
223 2405 275 2472 καὶ
295 2407 373 2488 πρὸς
388 2408 558 2496 κανονικὴν
573 2411 771 2500 συναρμογὴν
788 2411 1042 2505 &amoeniori
1041 2423 1147 2513 ηκύῦη

42 2505 64 2594 ἡ
85 2505 184 2587 πόλις,
205 2531 263 2590 την
283 2504 440 2590 ἄρχουσαν
460 2507 530 2594 ἔχον
550 2507 602 2576 διὰ
621 2517 680 2578 τοῦ
698 2523 718 2598 r‘J
738 2512 869 2601 κοιλιην
888 2514 953 2601 μετ’
973 2517 1073 2608 αὐτὴν
1093 2523 1146 2592 διὰ

43 2611 103 2673 τοῦ
124 2633 146 2672 ν
131 2604 272 2686 ψιλοῦ,
293 2604 422 2693 Λυκὲθη
438 2607 550 2696 κύριον
569 2606 627 2695 τὴν
646 2609 702 2696 μὲν
722 2612 880 2698 ἄρχουσαν
892 2615 963 2702 ἕχον
982 2617 1034 2686 διὰ
1053 2625 1110 2689 τοῦ
1122 2641 1148 2691 ιι

45 2709 157 2791 ψιλοῦ,
190 2702 306 2790 saniei
334 2701 485 2786 ὀξύτονον
511 2711 556 2798 τῷ
585 2719 599 2773 i
625 2711 886 2798 παραληψόμενον.
921 2715 1021 2784 Ὅθεν
1048 2725 1147 2789 ταῦτα

47 2807 165 2893 ἱστορία
186 2801 290 2889 φέρειν
307 2811 557 2891 παραχωροῦμεν.
594 2811 728 2887 Quorum
750 2815 877 2881 alterum
897 2835 960 2882 nor
981 2828 1056 2901 puto
1079 2825 1147 2889 sine

47 2906 157 2971 mendo
184 2923 255 2970 esse
283 2923 342 2970 neo
372 2909 542 2972 orationem
569 2909 718 2990 integram
739 2912 796 2977 sod
814 2914 925 2981 deesse
947 2920 1029 2999 qaod
1050 2924 1147 3002 priori

50 3005 187 3086 exemplo
209 3005 360 3086 adjectum
382 3013 431 3071 est
451 3007 489 3072 de
509 3009 690 3088 penultima,
723 3012 784 3076 hoo
805 3015 870 3079 iero
891 3024 943 3080 aut
964 3019 1036 3099 quid
1055 3022 1145 3086 item:

50 3103 166 3185 Λεκλῦη
185 3124 296 3186 κνριον
315 3099 373 3188 τὴν
392 3101 448 3187 μὲν
468 3103 625 3188 ἄρχουσαν
645 3105 716 3191 ἔχον
735 3105 786 3175 διὰ
805 3115 895 3178 ιοῦέ
915 3118 1019 3196 ψιλοῦ,
1040 3140 1098 3202 την
1112 3117 1146 3185 δὲ

50 3196 269 3281 παροιέλευιον
289 3200 340 3268 διὰ
363 3206 420 3268 τοῦ
443 3209 466 3284 i,
488 3208 548 3271 etsi
567 3209 699 3273 nominis
720 3213 837 3293 proprii
851 3219 961 3278 testem
974 3215 1145 3296 produoere

50 3319 112 3366 ιιοιι
131 3318 267 3382 possum
300 3299 441 3385 Σαμύθα
468 3305 603 3370 mulieris
624 3311 847 3376 nomenAnth.
868 3314 916 3378 vi.
939 3313 1008 3378 275.
1031 3315 1143 3382 abillo

48 3401 304 3486 praetermissam,
333 3405 468 3468 fortasse
490 3405 560 3485 quia
582 3403 733 3489 dorioum3
761 3404 924 3474 dououa‘
906 3407 963 3487 νὸς
983 3405 1145 3496 ἄφόδιυμυ

52 3499 120 3563 llos.
148 3506 293 3564 aooentus
316 3501 450 3566 ostendit
470 3503 588 3584 plurale
611 3522 697 3590 esse,
735 3523 773 3571 ao
799 3526 838 3573 re
866 3511 996 3591 simplex
1023 3513 1143 3594 quidem

54 3598 164 3662 videtur
187 3598 243 3662 sed
270 3601 472 3683 compositum
498 3618 566 3665 oum
586 3598 662 3678 σκάς
682 3602 871 3690 (oamoslv.
892 3610 1002 3674 Parall.
1021 3610 1071 3676 80.
1094 3614 1143 3676 oai

56 3714 128 3777 quae
147 3697 309 3763 PolluxV.
332 3698 380 3763 91.
402 3699 539 3781 adjungit
559 3704 702 3789 σπνιλλη,
722 3701 861 3785 aliseos,
882 3702 1060 3788 ῦσιιὲλεθος,
1080 3733 1143 3792 μυ-

57 3791 222 3876 ουὲλενδρος
242 3796 397 3879 latinaque
418 3800 570 3882 sacerdo,
606 3804 772 3885 macerato,
803 3823 841 3869 ea
868 3813 898 3870 et
918 3808 1142 3888 significatione

57 3901 216 3976 congruunt
237 3901 267 3959 et
289 3912 465 3962 eorunuaes
484 3898 598 3962 habent
613 3917 770 3967 consonas
787 3906 971 3970 essentiales
992 3922 1030 3970 οκ
1049 3914 1080 3972 et
1101 3894 1143 3972 σἰι

56 3993 248 4104 liquidamque
269 3994 416 4059 suillam.
459 3995 650 4076 Adjeotivum
677 4000 791 4066 nullum
812 4005 951 4088 reperio,
980 4006 1040 4069 risi
1059 4006 1143 4087 quod

57 4092 84 4155 in
101 4091 250 4158 Leonidae
279 4095 495 4175 epigrammate
520 4096 611 4162 Antia
632 4099 667 4164 V.
688 4100 757 4168 ³55.
785 4099 824 4166 de
844 4107 941 4168 matre
962 4119 1041 4187 quae
1060 4104 1143 4172 ima-
