2788 4986
205 256 237 317 X
556 245 949 314 Puhuuhuiu.

211 423 273 495 sub
306 422 401 492 titula
433 419 558 509 Virgilii
586 421 762 492 Christiani
795 422 866 492 sive
900 417 1163 505 evangelizantis
1193 414 1309 486 'edidit

210 543 273 626 Qui
300 543 329 610 si
355 540 452 608 nimis
472 541 588 610 novitii
612 537 828 629 videbuntur,
861 537 932 608 hae
961 542 1051 608 eerte
1082 537 1162 606 vitio
1196 541 1312 605 aurem

209 658 385 748 Prudentii,
412 655 539 726 Sedulii
572 661 606 726 et
638 655 828 744 aequalium
862 655 993 724 aenaea
1026 653 1137 724 verbis
1166 650 1311 743 horrida,

210 776 368 848 sensibus
402 771 532 844 absona
563 775 723 862 pariaque
754 772 802 842 illi
835 773 936 842 aetati
969 773 1169 861 quaomnia
1196 788 1250 840 ars
1278 776 1312 840 et

212 896 322 965 omnia
354 889 466 961 studia
498 889 667 960 doetrinae
700 892 734 959 in
761 889 906 960 sterilem
932 887 1218 976 dogmmmogmrn
1244 885 1311 957 de-

212 1012 421 1100 generarunt.
471 1006 626 1096 Danique
652 1006 733 1076 nihil
759 1005 906 1076 obstabit
936 1007 1113 1095 quominus
1140 1025 1214 1078 eum
1234 1005 1312 1074 llu-

212 1146 304 1200 maro
339 1128 555 1196 commutatur
585 1123 725 1193 Nonnus
759 1123 996 1211 Paraphrastas
1028 1141 1169 1212 eumque
1201 1123 1314 1210 puetis

213 1246 348 1333 tragieis
374 1240 578 1312 melodrama
603 1240 783 1332 paschale,
811 1239 904 1330 quod
929 1240 1092 1328 theologo
1119 1238 1314 1328 Cappuduei

213 1362 410 1450 inseribitur,
436 1358 491 1428 vel
516 1355 692 1444 tragoedia
715 1357 913 1451 Ezechielis,
938 1358 1059 1448 bisque
1090 1356 1315 1444 adjungantur

213 1475 490 1552 abrestnmatbiae
516 1492 648 1544 maurae
675 1481 710 1546 et
729 1474 906 1567 marsidae,
922 1474 1094 1568 florilegia,
1109 1475 1209 1546 orbes
1223 1476 1314 1566 pleti,

213 1593 412 1684 compendia
436 1592 634 1662 Hollaziuna
660 1599 694 1664 et
719 1599 831 1663 uetera
857 1592 1054 1682 diseiplinue
1078 1596 1314 1663 intermortuae

214 1709 441 1787 instrumenta.
487 1709 585 1779 Hune
610 1711 643 1779 in
670 1728 787 1799 gyrum
813 1713 842 1780 si
869 1710 1035 1782 literarum
1052 1711 1313 1805 aultaresuam-

213 1832 301 1923 pulsi
333 1830 456 1906 luerint¹
489 1833 523 1898 et
555 1829 585 1896 si
617 1826 753 1898 redivivi
786 1827 995 1916 Hougstratii
1025 1833 1059 1898 et
1090 1827 1316 1898 Psallereernii

214 1948 378 2041 politioris
400 1945 611 2014 humanitatis
635 1945 856 2015 subtraxerint
874 1949 1072 2016 nutrimenta
1093 1949 1214 2039 emnia,
1237 1949 1316 2036 quis
1392 1947 1393 1950 ’

216 2065 338 2139 deinde
362 2063 422 2134 illa
445 2066 582 2131 aeterna
607 2060 740 2131 humani
761 2065 887 2149 ingenii
909 2066 1113 2134 monimenta
1127 2067 1314 2155 suspieiet?

215 2187 292 2278 quis
308 2180 507 2254 serutabitur
522 2185 654 2252 saerata
680 2185 818 2250 naturae
843 2181 1017 2250 verbomm
1044 2181 1244 2252 urebiteetae
1258 2183 1315 2252 la-

215 2319 345 2390 gesque
356 2297 478 2388 quibus
493 2301 568 2386 ipsa
582 2300 727 2368 serviat?
741 2296 855 2368 Vanus
872 2298 1012 2368 iorsitan
1024 2298 1078 2368 hie
1092 2298 1190 2368 luerit
1207 2303 1317 2373 metus

215 2433 391 2506 vanaeque
426 2415 506 2486 illae
541 2414 758 2486 ubsaurnrum
784 2417 926 2487 viromm
952 2415 1226 2510 machinationes,
1253 2415 1317 2488 sed
1392 2413 1393 2420 '

216 2540 245 2608 si
279 2532 359 2625 quid
394 2535 454 2601 atri
485 2535 651 2624 imminet,
685 2533 859 2622 plurimum
895 2537 984 2602 uerte
1017 2534 1227 2605 contribuant
1260 2537 1315 2606 lstl

214 2654 329 2724 inertis
355 2650 461 2721 seeuli
487 2669 675 2739 praeeonea
713 2667 894 2738 eorumque
920 2653 1050 2737 patroni
1076 2657 1110 2721 et
1134 2651 1315 2723 mandato-

217 2790 281 2842 res.
339 2769 464 2855 Seripsi
496 2766 697 2855 Regimantii
730 2768 925 2837 l’mssorum
959 2749 1110 2841 aalendis
1142 2770 1241 2858 blujis
1273 2771 1315 2842 Α.

213 2886 469 2961 MDCCCXLlll.
