2750 4994
211 281 262 346 DE
285 277 504 346 NOMINIBUS
528 280 568 345 IN
589 279 887 351 canUNtiitUs.
919 287 950 353 C.
965 287 1001 352 it
1089 287 1160 358 iso

58 452 92 513 in
111 447 195 538 codd.
217 446 375 512 Plutarchi
402 445 437 508 V.
459 445 546 510 Eune
566 463 593 510 c.
620 447 669 512 IX.
697 449 835 515 vitiatum
863 452 996 516 forsitan
1021 455 1072 519 vei
1098 471 1156 536 pro

56 545 185 626 πεδινός,
209 551 298 627 cujus
320 546 416 610 uiuite
437 545 628 626 frequentior
650 563 737 629 usus,
758 548 808 611 vel
829 543 1052 629 procederetis
1072 555 1156 636 quod

54 651 88 712 in
107 648 193 712 codd.
222 647 349 727 saepius
384 644 534 726 scriptum
560 645 674 710 Herod.
700 646 763 710 vii.
798 646 865 712 198.
896 649 1048 731 Tbeopbr.
1076 653 1155 718 Hist.

9 731 12 740 ¹
53 749 102 812 111.
124 747 172 830 11,
193 747 223 811 2.
246 761 346 825 nuper
368 745 460 807 etiam
481 743 603 807 Platoni
625 746 803 814 restitutum
830 752 879 809 est
897 748 990 828 Legq.
1016 750 1064 814 iv.
1085 751 1154 816 tot.

53 847 89 910 D.
109 883 148 892 —-
165 839 242 908 Ἀπό
264 838 436 924 οὐδετέρων
454 842 497 916 εἰς
515 829 726 927 {asponae
746 837 899 925 ἆχθεινός,
921 839 1076 927 ἄνθεννός,
1096 841 1155 913 ἆλ-

52 940 160 1026 γεινός,
182 939 320 1026 φαεινός,
342 938 508 1016 nmmos,
529 938 674 1023 τνχεννός,
695 937 830 1017 νλέεινος
850 941 903 1008 καὶ
922 942 1039 1021 κλεινός
1052 941 1155 1021 ὦς’δὲ-

51 1065 130 1118 εινος
159 1037 275 1122 δεινός,
298 1037 432 1124 besceda,
465 1036 617 1120 αἰπεινός,
645 1037 805 1122 ψυχεινόν,
838 1038 965 1119 ἐλεεινός
990 1047 1152 1129 Moschop.

52 1143 162 1207 Sched.
186 1142 255 1206 144.
277 1159 406 1222 quorum
428 1147 617 1222 postremum
638 1141 753 1204 rectius
770 1141 808 1204 ad
822 1144 1022 1218 masculinam
1034 1146 1154 1211 referas

52 1257 141 1322 quan
163 1241 203 1304 ad
223 1249 365 1305 neutrum
380 1238 605 1320 antiquioribus
619 1239 773 1320 ignotum3
795 1238 931 1316 αἰπεινός
945 1244 983 1309 ab
1000 1243 1153 1325 adjectivo

51 1336 141 1414 αἰνός
161 1356 226 1403 nou
247 1340 371 1420 lougius
392 1338 486 1402 distet
509 1353 600 1418 quam
624 1349 643 1400 a
664 1338 877 1420 substantium
900 1341 937 1406 de
955 1345 1068 1408 ceteris
1084 1351 1154 1408 sta-

54 1442 104 1504 tim
125 1439 226 1504 dicam
248 1439 275 1504 si
298 1439 382 1519 prius
405 1435 635 1524 addideroduo
658 1437 696 1500 ab
719 1433 788 1503 aliis
809 1441 1075 1506 terminationibus
1096 1442 1154 1507 de-

47 1541 149 1603 rivata
168 1533 322 1621 φωτεινός
341 1538 373 1600 in
394 1534 515 1598 duobus
537 1535 752 1616 Xenophontis
783 1537 862 1602 locis
890 1538 947 1604 scd
974 1549 1154 1622 suspectum

53 1639 194 1703 Personc
218 1637 270 1717 qui
291 1635 375 1699 iilum
396 1630 499 1717 φανός
520 1635 689 1715 scripsisse
713 1635 832 1716 judicat
853 1656 880 1702 v.
895 1638 1097 1705 Boruemann.
1114 1641 1152 1706 ad

53 1737 167 1802 Menon.
193 1737 241 1801 iv.
263 1735 299 1818 3,
320 1735 348 1798 4.
371 1742 402 1798 et
423 1727 583 1806 ὑδατεινός
602 1735 707 1797 inuno
721 1735 919 1815 Hippocratis
937 1738 1016 1802 libro
1031 1738 1153 1805 datter.

54 1838 179 1900 ethcc.
199 1835 417 1916 terrepetitum
431 1832 475 1911 (§.
490 1831 539 1896 to.
546 1832 596 1897 83.
610 1839 640 1896 et
654 1832 702 1897 97.
719 1833 764 1896 ed.
779 1833 862 1914 Cor.)
877 1837 1153 1921 consentientibus,

54 1943 85 1998 ut
98 1935 230 2016 videtur,
252 1933 347 1996 libris.
381 1931 443 1995 Sed
456 1933 631 1994 nonninus
654 1938 770 1995 certum
789 1939 837 1994 est
849 1927 1004 2012 ὑδατινός,
1027 1935 1154 2000 eadem-

55 2051 110 2113 que
126 2034 159 2097 in
174 2031 280 2095 multis
292 2030 414 2093 illorum
434 2029 598 2094 discordia.
633 2030 753 2093 Etenim
767 2023 910 2106 ἀνθεινός
922 2050 1073 2114 nusquam
1089 2036 1154 2099 iere

54 2130 161 2211 legitur
177 2131 251 2211 quin
264 2128 333 2192 iibri
355 2127 531 2209 discrepent
543 2129 667 2192 Lucian.
683 2129 918 2204 Demon.§.16.
936 2133 989 2196 ubi
1001 2133 1152 2198 dacobitz.

54 2233 187 2294 scienter
202 2225 333 2300 ἄνθινος
347 2226 500 2307 praetulit,
515 2227 628 2291 Himer.
644 2226 694 2292 Or.
711 2227 947 2296 IIi.13.Heiiod.
961 2232 1010 2297 lii.
1032 2231 1059 2316 1,
1083 2233 1152 2299 108.

54 2329 125 2394 Poii.
147 2329 183 2392 V.
209 2327 391 2392 itt-120.
414 2327 467 2390 ubi
489 2326 570 2390 idem
591 2321 723 2400 ἄνθινος
743 2335 852 2406 quater
872 2328 1018 2413 deinceps
1032 2349 1051 2395 a
1065 2330 1153 2398 codd.
1216 2341 1235 2420 J

56 2422 187 2511 otientur,
209 2425 375 2506 multisque
396 2426 464 2489 aliis
486 2425 565 2488 locis
584 2425 839 2506 quosJacobsius
854 2428 1020 2495 indicated
1035 2431 1154 2497 Aeliun.
1193 2452 1220 2464 ¹·

55 2544 81 2607 p.
102 2527 150 2592 60.
186 2524 315 2589 Fallitur
338 2540 412 2604 erqo
434 2523 689 2604 wyttenbachius
719 2524 758 2589 ad
778 2528 855 2592 Plut.
880 2530 911 2593 S.
934 2529 970 2594 N.
993 2529 1028 2595 V.
1051 2547 1080 2611 p.
1103 2529 1153 2598 49.

55 2633 212 2705 utrumque
234 2617 361 2704 perinde
383 2623 509 2704 probari
532 2621 704 2702 affirmans3
737 2626 786 2688 cui
806 2643 871 2690 uon
891 2627 992 2692 solum
1014 2629 1154 2710 exempla
1211 2659 1213 2668 1

56 2725 222 2788 reclamant
244 2721 300 2786 sed
317 2723 396 2786 ratio
419 2738 552 2803 quoque.
595 2720 854 2789 Namexduabus
867 2727 1153 2810 significationibus,

57 2838 127 2901 quas
140 2820 266 2906 'Suidas
283 2821 383 2905 tradit,
405 2814 550 2894 ἀνθεινός
570 2813 632 2897 ott
647 2813 780 2901 ἀνθέων,
801 2821 855 2886 καὶ
875 2819 893 2888 ὁ
913 2821 1052 2906 νινιρός,4
1071 2823 1153 2890 rieu-

58 2927 98 2984 tra
117 2922 191 2985 buic
214 2920 421 2984 terminationi
442 2921 595 3004 convenit,
616 2937 716 3002 neqm
735 2925 902 2988 materialis
920 2932 952 2988 ut
967 2931 1096 3007 apparet
1114 2943 1154 2991 ex
1213 2985 1215 2990 ,

56 3015 226 3098 pindareus,
248 3013 400 3096 endenses,
423 3013 600 3101 σνέρφινος,
621 3017 773 3104 τρύχινος,1
796 3039 875 3103 quae
898 3025 999 3089 omnia
1018 3026 1153 3090 anomi-

56 3118 140 3181 nibus
167 3117 201 3180 in
225 3103 263 3190 o}
290 3118 409 3180 neutris
438 3116 577 3181 derivata
597 3126 684 3202 suut,
712 3137 812 3202 neque
834 3123 1031 3206 temporalis,
1064 3127 1152 3204 cujus

57 3233 141 3281 num
163 3222 250 3282 extat
272 3206 442 3299 exemplum
463 3212 604 3297 θερινός,
631 3218 774 3299 valetque
794 3221 827 3284 in
848 3223 1022 3286 universum
1043 3218 1082 3286 τὰ
1101 3218 1153 3286 διὰ

56 3319 106 3380 τοῦ
133 3299 209 3389 ffb}
230 3308 372 3393 ὀξύτονα,
394 3314 421 3378 ed
439 3311 496 3396 μὲν
516 3313 626 3400 καιρὸν
644 3319 793 3401 σημαίνει,
816 3313 868 3380 διὰ
887 3321 945 3383 τοῦ
964 3329 990 3400 i,
1013 3315 1151 3400 δειλινός,

56 3409 174 3497 θερινός
204 3419 263 3478 eto.
289 3413 453 3478 Herodian.
479 3414 576 3496 Epiro.
604 3435 635 3497 p.
661 3417 729 3483 itt.
758 3423 788 3480 et
809 3418 1003 3499 reciprocato
1033 3436 1154 3485 canone

57 3508 91 3577 τὰ
105 3514 147 3589 εἰς
167 3497 244 3587 ἦῆ
256 3506 389 3589 ὀξύτονν
408 3509 580 3596 παρώνυμα
597 3508 640 3598 μὴ
657 3510 707 3577 ἐπὶ
719 3515 831 3595 καιροῦ
843 3511 1059 3600 λαμβανόμενα
1071 3511 1153 3582 ἀνο-

59 3610 236 3698 στρέφοντνι
254 3606 312 3695 τὴν
333 3609 385 3675 διὰ
404 3613 462 3676 τοῦ
482 3611 501 3674 ι’
520 3609 661 3697 γραφήν,
677 3606 818 3696 docende,
846 3610 1025 3709 (liutoetvdn⁵
1044 3613 1095 3682 cod
1116 3611 1152 3682 τὸ

119 3869 148 3936 4)
172 3867 319 3936 Siguibceri
337 3867 441 3925 videtur
464 3869 556 3932 florida
577 3877 651 3922 cetus
673 3869 765 3925 Catuli.
805 3870 859 3926 Sed
882 3869 968 3928 ἄνθος
989 3876 1077 3930 tamen
1099 3887 1151 3928 uon

63 3957 98 4004 est
113 3954 237 4021 temporis
252 3964 348 4007 nomen
367 3956 395 4005 ut
412 3953 501 4020 θέρος.
617 3965 618 3968 ’

120 4035 148 4103 5)
171 4036 280 4103 Propria
296 4037 364 4091 enim
385 4041 520 4090 accentum
538 4050 590 4090 uon
606 4041 718 4090 mutant:
736 4034 863 4094 nutstede
880 4035 970 4092 Galen.
990 4035 1080 4107 comp·
1093 4051 1150 4096 sao.

63 4114 205 4173 dcccvii.
225 4133 251 4187 p.
269 4119 311 4176 57.
332 4117 749 4180 Τ.Χ111.Ποθεινός,ῲαεινός
772 4134 798 4174 v.
820 4119 912 4174 Lebrs.
932 4118 1009 4175 Arist.
1036 4113 1061 4190 pl
1090 4123 1148 4180 292.
