2770 4992
222 279 272 350 ης
584 279 909 350 orssnurnrro
945 279 967 345 r.
1376 319 1377 382 r

224 447 276 532 qn
296 447 422 514 nomina
448 446 570 530 syllaba
597 432 730 524 minito
751 463 815 511 non
835 445 1015 511 masculinis
1038 451 1151 525 agnata
1169 452 1341 509 censerent
1376 409 1377 426 ³

223 545 280 616 eod
300 547 420 614 verbis:
449 541 488 612 τὰ
508 540 571 612 ἀπὸ
592 543 777 631 βαρυτόνων
798 541 945 628 ῥημάτων
964 543 1008 618 εἰς
1027 529 1059 619 οξ
1075 537 1227 622 ὀξύνεται,
1252 544 1341 625 peee-
1376 571 1377 582 ί

223 641 444 731 noceantne,
465 642 638 730 etpppdpo
658 647 831 730 αλημμυρίς
853 644 957 710 Schol.
977 643 1082 724 Apoll.-
1096 643 1131 708 11.
1151 643 1223 707 576.
1245 642 1301 705 vel
1323 659 1341 704 a

223 746 402 814 masculinis
424 745 546 828 qudem
567 746 715 814 ducerent
737 747 794 813 sed
816 762 872 827 per
893 743 1056 823 ambages:
1089 735 1232 806 ἀπὸτοῦ
1253 744 1340 822 Χρυ-
1376 759 1377 804 ;

222 839 304 926 σούς,
327 841 461 932 Napaeos,
482 843 633 929 βασιλεύς,
655 842 717 910 ἐστὶ
737 841 773 910 τὸ
795 843 941 926 Χρυσηίς,
965 840 1095 924 Νηρηίς,
1117 841 1260 925 βασιίηίς
1285 838 1340 904 καὶ
1376 857 1377 920 j

187 961 190 970 ·
223 937 324 1032 oreta
344 945 403 1012 τοῦ
422 953 444 1029 li
465 947 583 1029 βασιλίς
605 946 708 1012 Schol.
730 946 819 1010 Dion.
841 944 911 1009 850.
932 941 1049 1006 hneod.
1071 942 1170 1007 cram.
1192 941 1242 1006 lV.
1264 939 1340 1006 326.

223 1043 290 1114 hh.
315 1043 381 1112 189.
403 1042 431 1110 9.
453 1061 584 1128 quorum
604 1045 760 1112 nominum
774 1050 975 1127 postremum,
995 1041 1134 1123 βασιληίς
1153 1041 1237 1124 dioo,
1259 1056 1339 1104 sao-
1376 1053 1377 1060 ¹

224 1141 353 1226 pissime
388 1141 540 1224 adtecdm
574 1151 605 1209 et
632 1158 851 1224 nonuunquam
881 1139 1074 1210 substantive
1103 1140 1214 1204 dicitnr
1242 1138 1339 1202 anth
1376 1143 1377 1162 ³

223 1241 304 1322 app.
323 1255 355 1306 n.
376 1239 448 1308 392.
469 1243 602 1308 Maneth
624 1243 645 1308 1.
666 1243 736 1309 283.
766 1247 800 1306 nt
821 1241 915 1323 ίεοηίς
934 1258 991 1322 pro
1019 1234 1163 1320 ἱέρειαν]
1184 1238 1282 1302 anth,
1304 1237 1336 1300 P.
1376 1261 1377 1326 r

226 1339 258 1406 Τ.
273 1339 322 1408 tlt
342 1337 479 1408 hodene.
503 1359 531 1423 p.
545 1341 633 1408 XCV.
651 1340 772 1422 (omiss.
793 1343 826 1406 in
842 1341 955 1422 Thes).
997 1340 1066 1404 Etsi
1084 1355 1158 1402 vcro
1173 1338 1254 1401 haec
1269 1343 1338 1400 ter·
1376 1347 1377 1426 t

224 1437 351 1502 ndnatio
379 1436 453 1502 nulli
474 1442 580 1520 generi
607 1441 763 1506 nominum
790 1440 916 1522 proprio
945 1439 1104 1518 assignata
1132 1443 1198 1520 est,
1230 1442 1337 1500 tamen
1376 1475 1377 1520 η

224 1535 381 1603 nonnullis
402 1538 569 1620 praecipue
591 1541 767 1623 conspirat,
796 1541 925 1620 primum
946 1539 1057 1620 motis,
1087 1535 1263 1617 dequibus
1285 1534 1336 1597 dl·

223 1641 307 1702 otum
335 1642 400 1722 est,
436 1635 545 1702 deindo
576 1640 798 1719 patronymiois
829 1637 946 1721 Θηαηίς
979 1631 999 1720 ἡ
1028 1632 1154 1720 Θησέως
1186 1629 1334 1716 θυγάτηρ
1376 1649 1377 1740 p

224 1734 328 1802 Sohol.
350 1735 438 1804 Dion.
452 1735 522 1820 851,
538 1735 565 1802 (i.
587 1736 824 1820 ΑίητίςΜοδοο,
850 1736 999 1811 Tantalis
1011 1736 1121 1818 Niobe,
1136 1728 1251 1815 Ὑψηίς
1269 1733 1334 1811 Cy·
1376 1747 1377 1812 t

224 1847 316 1920 tone,
333 1827 505 1919 ‘theotonis
525 1835 621 1920 Luna,
647 1837 765 1918 Φορκίς
784 1837 895 1902 Phorci
916 1837 977 1900 lilia
999 1843 1058 1900 eto.
1080 1851 1209 1915 quorum
1233 1832 1333 1911 urigi-

223 1949 293 2000 uem
321 1951 427 2018 parum
454 1936 645 2016 prohabilem
676 1936 767 2000 tradit
794 1936 972 2000 Priscianus
999 1935 1035 2000 ll.
1057 1935 1086 2017 7,
1108 1933 1149 1998 83
1177 1931 1277 2026 (585..-
1285 1931 1331 2009 Ρ.)
1376 1943 1377 2030 p

222 2031 379 2132 [emtotno
405 2038 630 2132 Qroopmioo
659 2053 681 2101 o
707 2036 895 2100 moscottois
922 2034 1006 2113 finnt
1034 2033 1203 2098 subtracto
1234 2031 1274 2096 dc
1299 2033 1333 2095 io

223 2137 258 2202 to
280 2135 331 2201 ool
350 2137 383 2200 to
414 2153 460 2201 os
481 2133 658 2201 Mamaeae
685 2133 832 2200 Ροίανοίο.
880 2134 1018 2214 Eamque
1047 2133 1233 2198 sententiam
1250 2131 1331 2195 Dio-

223 2233 305 2314 nysii
333 2233 527 2300 scholiastes
549 2234 588 2298 ab
615 2235 686 2316 ipso
713 2232 880 2314 Apollonio
910 2233 1103 2315 propositam
1130 2247 1203 2294 osse
1235 2231 1331 2294 relert
1376 2285 1377 2288 ,

224 2330 280 2400 aed
302 2333 464 2398 refutatam
486 2333 525 2398 ah
546 2333 724 2398 Herodiano
753 2338 933 2413 argumento
955 2331 1100 2414 duplici‚-
1117 2328 1201 2411 quod
1232 2332 1330 2410 Πρια-

222 2429 313 2514 μίδης
336 2431 509 2498 femininum
532 2433 648 2497 iaceret
671 2431 837 2516 Πριαμίδη,
860 2438 891 2496 et
912 2431 984 2510 quia
1004 2430 1147 2511 Πριαμίς,
1169 2429 1197 2492 si
1218 2427 1328 2492 abillo
1376 2421 1377 2496 l

224 2527 394 2596 dentatum
416 2536 517 2616 essct,
537 2531 708 2596 Priamidas
735 2531 827 2596 liliam
851 2530 1046 2610 significaret.
1087 2527 1236 2609 Equidem
1257 2525 1329 2590 mihi

224 2625 412 2712 persuadeto
438 2645 502 2694 non
530 2647 659 2712 possum
678 2631 891 2695 Aristarchum
919 2636 981 2692 tarn
1004 2628 1115 2692 obviae
1136 2626 1329 2690 observatio·
1376 2651 1377 2708 p

224 2727 273 2793 nis
294 2727 501 2794 immemorem
523 2731 636 2814 inisse,
659 2729 715 2795 sed
737 2732 873 2794 tortasse
892 2729 967 2792 nihil
988 2727 1119 2810 amplius
1141 2724 1216 2790 dixit
1239 2739 1328 2806 quam
1376 2711 1377 2726 ¹

224 2825 308 2909 qnod
335 2826 485 2892 Prisciani
515 2829 619 2894 uerbis
646 2830 820 2894 continetur
848 2827 897 2893 Dc
923 2828 990 2892 Xll.
1017 2844 1100 2892 cers.
1130 2839 1157 2888 o.
1188 2823 1237 2902 12,
1258 2822 1327 2889 384.
1376 2871 1377 2874 ,

227 2925 390 3008 Olympios
407 2931 678 3009 patronymicum,
702 2930 795 3006 cujus
814 2926 988 2992 secondum
1008 2925 1195 3004 oaoloptom
1217 2920 1328 3003 olym·

221 3025 337 3110 pindos
358 3025 451 3092 dohet
473 3044 544 3092 cose
565 3029 792 3106 masculinum,
821 3027 882 3090 hoo
901 3032 965 3108 est,
992 3025 1024 3086 in
1048 3023 1169 3087 leminis
1194 3021 1328 3104 Πριαμίς
1376 3007 1377 3102 l

224 3123 294 3210 dict,
314 3126 347 3190 in
366 3127 503 3192 maribus
526 3125 700 3210 Πριαμίδης
720 3133 751 3190 οι
772 3123 1014 3206 assequendam
1026 3121 1173 3186 motionis
1191 3121 1327 3201 speciem
1376 3113 1377 3186 l

224 3241 304 3306 qnae
327 3241 391 3290 non
421 3224 460 3291 od
487 3241 596 3290 rocem
624 3227 778 3306 portinent
804 3223 860 3288 sed
888 3223 927 3288 ad
949 3223 1218 3304 significationem,
1247 3221 1326 3284 sicut

223 3319 347 3408 poposci,
368 3324 396 3390 si
418 3341 455 3388 ex
476 3325 507 3388 vi
528 3341 586 3389 sua
607 3323 821 3388 consideratur
842 3324 1016 3386 femininum
1037 3327 1087 3384 est
1105 3320 1164 3382 τοῦ
1185 3315 1325 3402 γαμέτης,
1376 3395 1377 3406 ¹

223 3423 295 3488 item
323 3424 355 3486 in
383 3425 518 3506 propriis
546 3418 738 3506 Σωφρόνιον
765 3421 977 3502 (Pudentilla)
1001 3420 1060 3482 τοῦ
1087 3421 1324 3502 Σωφρονίσκος,

223 3521 280 3588 sod
307 3530 448 3588 neutrum
476 3540 495 3586 a
522 3530 631 3588 neutro
660 3521 829 3586 derivatum
858 3519 918 3584 dici
939 3525 1053 3602 potest.
1087 3518 1256 3582 Praeterea
1275 3519 1326 3582 illa

223 3622 437 3705 patronymica
458 3623 557 3685 torma
574 3628 605 3686 et
625 3623 760 3685 virorum
781 3619 956 3683 nominibus
977 3617 1111 3700 propriis
1126 3615 1248 3680 reddita
1269 3624 1325 3698 cst,
1376 3611 1377 3698 ξ

223 3715 413 3804 Εὐτυχίδης,
437 3714 648 3799 Ἀνταλκίδας,
684 3727 715 3785 et
742 3720 901 3784 muliorum
928 3716 1074 3798 Αίσχυίίς
1100 3714 1239 3779 Thaletis
1266 3715 1324 3778 lilia

224 3819 399 3886 Callimaoh.
419 3820 523 3902 Epigr.
545 3820 618 3884 LXI.
636 3813 782 3902 Ἀπιοχίς
802 3819 966 3884 Chaloonis
989 3815 1092 3880 Schol.
1109 3812 1184 3879 0ed.
1205 3815 1238 3877 Τ.
1257 3814 1322 3879 773.
1376 3809 1377 3902 t

221 4041 273 4094 tam
290 4050 374 4095 temen
392 4043 495 4095 enodare
512 4050 622 4108 mont,
639 4058 690 4099 non
707 4045 754 4100 illo
769 4043 986 4099 dissimilitudinis
1004 4041 1125 4108 exemplo
1143 4053 1208 4092 usus
1222 4037 1323 4094 videtur
1376 4021 1377 4062 ³

220 4123 268 4179 sed
288 4128 388 4194 aptiore
406 4128 482 4180 ἄκων
500 4125 600 4195 (tata)
618 4127 727 4180 cinctam.
1376 4159 1377 4242 1
