2744 4982
212 257 281 328 180
574 247 889 318 ntssunrnuto
917 248 965 314 ll.

215 429 346 490 accentu
366 437 426 486 nos
448 417 713 484 decoraremus
735 433 764 500 p.
785 414 835 480 cr.
857 419 1110 497 preparexptena
1135 432 1204 479 esse
1234 415 1319 478 sub-

216 524 352 588 stantiva
373 519 484 602 quibus
506 519 598 599 alplra
625 517 735 601 breve,
761 514 787 579 εί
814 509 856 598 μὴ
884 509 944 593 πρὸ
964 515 1022 576 τοῦ
1044 501 1119 577 εἰτὸ
1138 501 1164 577 d
1175 509 1194 596 ἢ
1214 499 1236 576 ἒ
1255 505 1319 596 pi

215 615 359 702 ὑπάρχοι,
381 613 543 700 στέφανος,
564 615 723 696 κλίβανος,
750 609 877 696 χόαυος·
898 614 1093 694 σεσημείωται
1110 607 1145 675 τὸ
1172 608 1319 689 ιιείανός,

219 715 362 802 οὐρανός,
384 712 531 790 Σινανός.
573 715 619 778 De
640 715 739 795 prime
766 714 874 778 borum
902 713 1082 776 Eustatlrius
1113 729 1142 792 p.
1170 711 1261 793 1601,
1293 713 1321 776 5.

220 820 254 884 αί
272 815 389 902 θυηλαὶ
409 849 450 866 -
472 808 510 886 ἃς
529 808 681 887 πελάνους
700 808 779 888 τινές
800 827 897 895 φασιν
921 807 942 894 ἢ
963 808 1016 874 καί
1044 804 1195 886 ὀξυτόνως
1220 814 1322 872 usia-

220 914 305 996 νσύς,
328 915 384 981 sed
404 913 497 992 uulgo
521 915 689 991 oxytonum
710 920 776 998 est,
804 915 952 976 incertum
980 909 1061 973 uude
1087 909 1275 992 derivatum⁷
1305 926 1324 970 a

220 1011 534 1100 amputaremus,
556 1025 596 1073 aa
619 1027 637 1073 a
657 1007 774 1086 πλατύς
792 1029 821 1076 v.
843 1010 991 1090 llarpeer.
1014 1025 1039 1073 S.
1061 1008 1080 1072 l.
1103 1016 1134 1072 et
1156 1009 1259 1073 Sobel.
1284 1008 1322 1070 ad

222 1117 293 1182 Eur.
315 1113 405 1178 libes.
427 1109 497 1174 427.
519 1111 547 1172 si
567 1125 642 1172 uero
672 1112 797 1192 proprie
825 1109 974 1189 significat
1001 1108 1153 1188 liquorem
1183 1124 1325 1171 erassum

225 1221 255 1279 et
277 1211 490 1289 laeculentum,
510 1200 568 1270 τὸν
588 1203 830 1292 διαπεπηγμίνον
850 1204 901 1270 καί
929 1201 1071 1287 ῥυπαρὸν
1091 1199 1197 1287 ἀφρόν
1217 1203 1324 1270 Sobrtl.

224 1311 326 1393 Apoll.
347 1310 369 1374 l.
392 1306 481 1373 1077.
504 1322 573 1370 bum
595 1307 734 1389 πλῆμνος
761 1302 860 1390 ἀφρός
880 1306 952 1370 HcS.
981 1312 1011 1369 et
1037 1300 1134 1387 πηλός
1162 1310 1328 1385 cognatum

225 1410 353 1474 videtur.
399 1399 545 1486 Οὐρανός
565 1412 688 1472 ueteres
709 1405 801 1472 medo
824 1406 862 1469 ab
885 1393 979 1485 οὖρος
1006 1399 1024 1467 ὁ
1051 1400 1155 1486 φύλαξ
1183 1407 1328 1484 repetunt

227 1527 255 1574 v.
275 1506 426 1588 Aglaoph.
449 1503 518 1569 503.
540 1503 633 1568 modo
662 1505 700 1569 ab
728 1494 823 1588 οὖρος
852 1496 870 1566 ό
897 1499 970 1582 ὅρος
997 1505 1085 1585 qnasi
1113 1497 1237 1584 ὁρίζων,
1269 1499 1330 1581 vel,

229 1606 311 1689 qued
332 1603 535 1688 probabilius,
557 1603 596 1668 ab
621 1603 699 1686 αἴρω
720 1603 759 1667 ad
781 1603 1008 1684 significandum
1026 1604 1085 1667 bec
1098 1603 1330 1667 subtdnccan-

231 1707 307 1771 dens
322 1703 422 1785 Ennii,
445 1707 479 1764 nt
492 1697 603 1785 βρόχος
624 1697 770 1782 οὐράνιος
790 1697 808 1767 ό
828 1699 976 1785 μετέωρος
996 1703 1067 1766 seb.
1082 1702 1155 1764 Eur.
1178 1700 1242 1765 Alc.
1256 1697 1331 1762 230.

231 1805 342 1869 Cetera
364 1801 500 1882 regulam
528 1809 698 1884 sequuntur
727 1804 792 1866 sive
820 1802 990 1866 masculina
1016 1808 1087 1864 sunt
1118 1801 1185 1864 sive
1212 1805 1332 1876 neutra,

231 1905 292 1968 nisi
320 1899 403 1983 quod
431 1901 462 1963 in
491 1902 627 1982 propriis
654 1901 791 1965 nonnihil
818 1901 978 1964 titubatnm
1004 1905 1067 1962 est:
1092 1892 1207 1973 Ὀααός
1231 1897 1333 1962 Νοοα.

231 2001 308 2069 lllll.
330 2001 401 2066 tlt.
424 1999 508 2081 qued
535 2002 651 2064 rectius
672 2006 817 2080 gravatur
843 2017 891 2080 ap.
921 1998 1109 2079 Stephanum
1139 1998 1180 2061 ob
1208 1999 1333 2060 brevem

232 2101 439 2187 penultimam.
481 2099 605 2182 Earum,
627 2115 706 2180 quae
727 2099 877 2162 Arcadius
902 2099 970 2162 aeui
992 2096 1074 2180 dicit,
1100 2099 1160 2160 tria
1182 2103 1252 2160 sunt
1277 2109 1335 2173 ge-

231 2217 318 2284 nera,
340 2215 469 2281 querum
491 2199 619 2280 primum
646 2204 717 2262 aute
745 2198 836 2279 alpha
862 2198 981 2260 literam
994 2183 1027 2259 d
1042 2196 1135 2259 babet
1161 2187 1333 2267 Ἀπιδανός,

229 2295 405 2382 Ἠριδανός,
428 2297 489 2360 nisi
510 2297 676 2379 praecedat
697 2299 753 2361 rbo
768 2293 941 2380 Δάρδανος,
956 2289 1123 2376 Ἰάρδανος.
1166 2296 1336 2360 Nenreete

233 2400 327 2481 igitur
348 2397 493 2461 scribitur
516 2389 665 2470 Ῥόδανος
693 2397 798 2477 Stepb.
852 2396 985 2460 Secundi
1015 2396 1188 2478 exemplum
1214 2395 1336 2457 unicum

235 2503 306 2592 e-s-t-
307 2489 442 2568 ὠκεανός
462 2488 481 2556 ὃ
503 2496 700 2579 σεσημείωται
726 2490 891 2558 συστέλλου
914 2490 949 2559 τὸ
979 2501 1018 2558 οῖ·
1044 2489 1084 2558 τὰ
1111 2493 1172 2576 γὰρ
1202 2488 1255 2558 διὰ
1279 2487 1336 2552 τοῦ

236 2617 312 2670 ανος
336 2588 470 2676 όξόιονα
501 2588 577 2676 ὑπὲρ
602 2599 681 2676 τρεῖς
706 2589 858 2676 συίίωβὰς
883 2590 1005 2658 ἐκτείνει
1031 2587 1067 2657 τὸ
1099 2599 1121 2656 οἳ
1149 2590 1244 2675 χωρὶς
1270 2589 1334 2652 τῶν
1362 2667 1363 2670 ¹

236 2690 321 2776 παρὰ
340 2700 405 2767 τοῖς
425 2687 556 2774 ὕστερον
580 2689 755 2776 Ἀδριανός,
780 2687 948 2766 Ἰουλιανός
974 2693 1038 2757 EM.
1065 2691 1144 2774 438,
1175 2693 1223 2757 10.
1250 2692 1337 2786 Qu

239 2795 307 2878 128,
328 2793 378 2858 43.
419 2791 512 2855 Plura
533 2795 654 2874 quidem
676 2794 793 2876 prelert
808 2793 1025 2872 Theognestus
1044 2787 1083 2854 τὰ
1104 2786 1157 2854 σιὰ
1177 2793 1236 2856 τοῦ
1249 2808 1337 2859 eavea
1362 2811 1363 2844 t

240 2887 375 2970 ὀξότονσ
401 2885 479 2970 ὑπὲρ
514 2887 573 2955 δύο
601 2889 754 2976 συλλαβάς
780 2887 930 2968 ὠκεανός,
964 2885 1171 2970 Μυρλεανός,
1203 2883 1337 2962 ατεανός,

239 2986 378 3071 ιἰαεανός,
402 2988 458 3056 sed
480 2991 647 3056 secundum
668 2990 806 3054 vocalem
827 2990 950 3069 leugam
971 2989 1073 3071 babet,
1095 3006 1153 3069 pre
1175 2991 1270 3054 tertie
1287 3003 1337 3051 re-

239 3089 413 3172 ponendum
440 3085 556 3162 Τεανός
576 3091 697 3154 Teanus
719 3091 785 3153 sive
807 3089 985 3171 leunensis,
1006 3087 1208 3169 ejusdemque
1226 3084 1338 3152 moduli

240 3194 289 3252 est
310 3187 471 3268 leguminis
493 3203 619 3272 nemen,
652 3187 735 3270 quod
762 3187 945 3268 saepissime
973 3179 1103 3261 ιἰκίανος
1132 3187 1280 3250 scribitur
1307 3187 1335 3246 et

238 3287 393 3366 geminata
425 3286 540 3370 liquida
573 3283 723 3361 ἀκέαννος
750 3287 781 3349 in
806 3286 1000 3351 Pherecratis
1034 3303 1128 3352 uersu
1158 3285 1191 3350 T.
1217 3285 1240 3350 l.
1270 3281 1336 3350 345.

237 3383 286 3447 Er
307 3400 368 3465 quo
391 3402 483 3466 quum
503 3393 652 3467 appareat
673 3384 868 3469 penultimam
889 3384 1108 3468 longanessa,
1130 3385 1335 3449 renuntiemus

239 3488 364 3564 opertet
387 3483 616 3566 Grammaticis,
645 3486 695 3564 qui
720 3499 833 3548 nomen
860 3479 927 3546 bec
948 3479 1159 3558 δυςιιόιαννον
1184 3485 1336 3564 iuterpre-

239 3585 343 3645 tantur
376 3589 521 3664 tanquam
550 3597 568 3644 a
594 3583 689 3645 verbe
716 3578 823 3645 αεάσαι
849 3585 1054 3664 compositum
1080 3588 1114 3645 ut
1139 3576 1288 3656 εὐκέανος
1308 3582 1336 3640 et

238 3674 433 3761 ίθυκτέανος,
454 3696 583 3762 querum
605 3680 697 3763 alpha
719 3680 822 3744 breve.
863 3680 1012 3760 Equidem
1041 3689 1167 3760 etymon
1194 3683 1335 3762 ignotum,

238 3778 423 3857 scripturam
447 3779 637 3856 Theognesti
658 3795 761 3842 ueram
783 3795 855 3844 esse
877 3780 1020 3844 arbitrer.
1065 3781 1170 3843 Tertia
1191 3779 1265 3844 lece
1280 3781 1334 3842 Ar·

238 3870 346 3940 cadius
367 3879 504 3959 loquitur
524 3874 562 3938 de
583 3875 638 3958 iis,
660 3893 739 3959 quae
760 3877 826 3940 iota
847 3884 918 3942 ante
940 3879 1032 3962 alpha
1051 3879 1189 3961 positum
1210 3879 1336 3950 babeat;

237 3978 318 4042 uuae
347 3972 520 4056 cujusmodi
541 3972 619 4054 siut,
639 3976 757 4040 nescio.
798 3975 875 4042 Nam
897 3977 980 4058 qued
1002 3977 1037 4042 οί
1051 3973 1200 4060 ὕστερον,
1222 3985 1258 4043 ut
1277 3977 1334 4042 liu-

237 4064 372 4134 statbius
393 4064 622 4155 εἰιἎδριανός,
642 4065 809 4148 Ἰοοίίανος
829 4081 860 4138 et
881 4075 954 4142 talia
979 4077 1150 4159 corripiunt
1177 4096 1206 4142 r.
1237 4078 1335 4160 spitz-
