2770 4992
180 249 232 323 Ὑί)
545 237 871 314 DISSERTATIO
905 245 928 311 1.
955 287 957 293 ,

186 395 349 471 radonem
362 397 565 488 masculinam
586 399 756 465 attribuunt
777 392 908 476 Κόττας,
920 399 950 438 ²⁵
973 392 1168 478 Περπέννας,
1195 401 1315 464 Kotr-

188 499 298 588 pdtec,
329 494 462 572 Hdccaa
482 496 593 562 Parall.
618 497 687 562 132.
715 497 923 561 circumducta
952 513 1171 578 nonnunquam
1192 499 1316 564 ultima

187 599 346 685 Kopccda
359 599 421 664 llio
444 596 532 662 Cass.
546 595 647 660 XLVI.
661 595 711 662 te.
733 597 869 670 Movcc‘n
883 594 987 660 Galen.
1002 596 1095 661 Metln
1112 596 1181 662 Cur.
1196 599 1232 663 V.
1251 599 1313 682 10,

188 701 262 768 356.
284 700 317 764 Τ.
332 697 368 762 Xe
391 702 421 764 at
442 695 690 762 Priscianuslll.
705 694 735 777 2,
748 693 819 760 ,toa
841 694 1012 760 masculina
1033 712 1107 762 csse
1121 695 1196 763 dicit
1214 715 1315 779 qaae

192 799 284 881 apori.
302 797 646 863 θνννννν,ιιννννννιιίΔ
657 796 762 872 elprae
778 794 966 872 Κατιλίνας,
989 789 1124 873 Σύλλας,
1142 789 1313 872 Mamas.

191 900 293 968 Aliter
311 911 392 964 ‚nmo
420 893 566 976 llcmani,
600 899 633 956 ut
659 893 867 968 Quintilianus
895 893 917 957 l
946 893 975 976 4,
1003 893 1052 958 24.
1080 893 1242 960 Muraena
1271 901 1316 961 et

193 992 545 1078 dpcmcmicma‘moc
560 994 855 1074 pdolescentulum,
875 993 1017 1058 occinuit
1037 993 1177 1074 feminac
1198 996 1316 1075 aipei-

193 1097 303 1177 dccot.
349 1092 486 1168 Quorum
511 1090 640 1156 alterum
673 1091 781 1174 negari
806 1105 872 1156 non
899 1097 1006 1172 potest
1031 1092 1236 1158 translatione
1266 1094 1317 1160 ad

194 1195 354 1274 medonem
384 1207 423 1256 en
450 1196 560 1254 neutro
584 1189 758 1255 femininum
781 1191 895 1254 iactum
916 1205 989 1254 essa
1019 1197 1053 1254 ut
1073 1188 1185 1275 Λάβδα
1205 1201 1316 1259 mater

195 1292 342 1374 Caepasii,
359 1286 513 1370 ,Ὤκιμον
532 1289 679 1354 meretrix
705 1287 815 1353 Atlren.
845 1288 923 1356 Xlll.
950 1290 1020 1357 587.
1049 1291 1081 1356 C.
1110 1288 1315 1374 Γνμνάσιον,

193 1386 353 1474 'Bi-dprdu,
368 1384 555 1470 Κωνώπιον,
574 1382 784 1468 Κρονμάτιον,
810 1384 1049 1470 Φιλημάτιον.26
1076 1391 1139 1456 scd
1155 1393 1315 1458 licinium

197 1493 376 1558 Muraenam
404 1492 435 1552 et
461 1500 551 1566 quem
572 1486 644 1550 haio
663 1485 834 1566 adjungunt
855 1488 996 1568 Seruium
1016 1488 1144 1556 Oratam
1166 1509 1185 1555 a
1205 1494 1318 1573 pisci-

195 1590 258 1656 luus
278 1603 391 1652 namen
413 1586 577 1676 accepisse
598 1586 657 1651 etsi
679 1591 862 1648 asseverant
881 1602 944 1650 non
969 1585 1123 1666 ignobiles
1152 1596 1318 1674 austerae,

97 1749 100 1756 .
200 1695 304 1752 tamen
331 1684 457 1752 duhium
484 1681 584 1748 reddit
612 1689 749 1750 velerum
776 1685 808 1749 in
830 1685 1097 1752 comminiscendis
1121 1688 1320 1768 appellatio·-

197 1800 272 1852 num
288 1784 394 1851 causis
412 1782 524 1846 levitas
541 1781 740 1866 incredibilis,
757 1786 848 1863 cujus
863 1785 1022 1864 specimen
1039 1785 1169 1864 praebet
1183 1787 1319 1852 llacro-

199 1886 270 1962 hius
293 1885 357 1948 Sat.
379 1882 401 1946 l.
421 1880 451 1964 6,
472 1880 543 1946 232.
570 1881 687 1948 Asinae
709 1887 740 1945 et
759 1883 892 1948 Serenae
922 1899 1035 1948 nomen
1063 1883 1241 1951 edisserens
1270 1890 1318 1953 ci.

201 1985 280 2049 Plut.
301 1982 378 2048 Sull.
399 1997 427 2046 o.
446 1979 483 2044 ll.
505 1984 536 2043 et
558 1979 640 2060 quod
662 1981 754 2061 alpha
774 1997 838 2045 non
857 1980 986 2046 insolita
1007 1988 1056 2046 est
1070 1985 1319 2052 masculinorum

199 2081 370 2164 appellatio
387 2079 506 2163 scribe,
528 2095 652 2161 scurra,
673 2077 784 2162 Ιίιιν,27
804 2079 929 2164 soulna,
949 2097 1047 2164 nepa,
1068 2098 1179 2166 verna,
1200 2086 1320 2170 gumia,

195 2180 334 2263 -lriltrida,
357 2178 467 2262 ocella,
488 2177 606 2260 rabula,
627 2179 725 2242 racia.
766 2178 821 2242 llis
843 2186 1146 2248 vereconsentarce
1166 2190 1238 2247 sunt
1252 2197 1320 2248 aa·

198 2279 401 2362 dronymica,
425 2294 504 2358 quae
527 2294 595 2342 cum
616 2277 996 2344 animantiunvocahulis
1019 2280 1090 2344 solo
1110 2287 1224 2360 ¹genere
1244 2281 1321 2346 dis-

97 2445 99 2448 .
205 2385 349 2460 crepant,
378 2377 496 2458 Capra,
526 2375 707 2458 Cornicula,
738 2376 871 2459 Merula,
900 2378 999 2462 Mula,
1026 2380 1150 2462 Musca,
1171 2381 1321 2466 Mustela,

203 2476 433 2560 Noctua,.Pica,
449 2475 570 2556 Scrofa,
581 2474 693 2556 Vacca,
709 2475 821 2557 Vespa,
836 2475 947 2555 quibus
963 2479 1099 2558 speeiem
1113 2479 1242 2544 similem
1255 2481 1321 2545 ha-

205 2579 289 2642 lrent
301 2574 477 2656 germanica
498 2571 595 2652 Gens,
620 2573 734 2653 luade,
752 2573 861 2640 Hence
873 2582 906 2638 et
919 2570 1140 2657 francogallica
1151 2579 1186 2641 io
1203 2579 1318 2662 Gallie,

205 2675 389 2752 l'Alooeita,
411 2670 567 2747 Lacaena
590 2677 621 2735 et
635 2673 807 2737 eommunia
821 2673 935 2754 plantis
953 2677 1032 2740 Bata
1043 2677 1131 2740 Phot.
1146 2676 1231 2742 CXC.
1244 2677 1320 2744 251.

192 2774 326 2854 dicata,
348 2772 493 2852 lactuca,
515 2786 608 2834 unum
628 2771 792 2836 arboreum
812 2778 846 2836 ut
866 2773 982 2839 Plinius
1006 2775 1184 2839 observavit
1205 2776 1323 2856 physi-

209 2888 318 2937 oomm
336 2870 568 2936 literatissimus
594 2869 627 2934 L.
649 2869 711 2934 XV.
733 2871 786 2936 ult.
815 2875 911 2935 coine
940 2873 1093 2938 ardorum
1120 2875 1234 2938 lancem
1263 2877 1321 2941 lo-

209 2973 280 3036 tino
305 2971 419 3049 'tropeo
442 2985 560 3034 manen
586 2971 762 3050 imponitur
785 2971 907 3050 ciris,²⁸
933 2987 996 3052 quo
1024 2987 1087 3036 non
1116 2972 1320 3041 derivativum

219 3111 501 3140 μ--ῴ-ι-
307 3115 309 3122 ’
615 3127 618 3134 .

275 3216 322 3285 25)
345 3212 451 3273 Κόττας
472 3214 583 3269 fortasse
612 3219 653 3269 est
671 3227 795 3281 graecum
816 3228 911 3268 nornen
929 3213 1000 3282 quod
1022 3211 1132 3273 Ko'ccoo
1148 3216 1284 3286 scribitur,
1302 3232 1321 3274 a

209 3299 292 3360 κόττα
312 3299 483 3376 derivativum
498 3303 528 3351 ut
544 3298 721 3354 Schneiderus
739 3299 766 3350 in
782 3297 846 3352 Lex.
867 3300 1028 3366 suspicatur,
1047 3299 1090 3353 vel
1109 3313 1124 3354 a
1142 3297 1244 3360 κόπος.

279 3400 325 3467 26)
350 3399 405 3466 llis,
424 3413 534 3467 quorum
550 3398 708 3466 appellativa
725 3401 820 3464 entant,
839 3397 925 3466 aptius
943 3410 1006 3452 usus
1024 3402 1096 3453 essct
1113 3413 1191 3468 quam
1203 3399 1321 3468 Glycerii

210 3486 331 3552 nomine,
352 3483 422 3550 quod
439 3484 490 3538 nisi
507 3485 612 3550 proprie
632 3479 801 3536 condicitur.

277 3582 324 3650 27)
348 3582 421 3646 Quae
445 3581 546 3636 Plrocas
569 3581 603 3636 ll.
627 3581 686 3636 324.
708 3579 751 3634 ed.
774 3578 849 3632 Lind.
874 3565 947 3634 arari
970 3583 1150 3650 praetermisi,
1183 3583 1245 3652 quia
1276 3589 1322 3638 aut

210 3671 398 3736 muccosum,
424 3671 453 3718 ut
477 3681 561 3732 pope,
585 3671 631 3719 aut
659 3665 804 3732 composita
828 3668 873 3717 aut
904 3667 1009 3730 generis
1038 3669 1192 3720 communis.
1233 3664 1321 3735 Verpa

210 3753 322 3807 iortesse
342 3755 382 3806 ost
399 3762 522 3816 graecum
543 3748 623 3816 ι’ρπης
638 3748 757 3816 serpula;
775 3761 834 3801 nam
851 3748 897 3802 illa
913 3762 973 3817 pers
991 3764 1087 3816 graece
1106 3747 1195 3818 σαύρα
1214 3749 1319 3818 dicitur,

209 3841 238 3893 et
254 3837 281 3889 in
299 3836 386 3890 Gloss.
406 3832 497 3903 decios
515 3829 682 3897 (lumbricus)
700 3833 837 3898 exponitur
853 3845 933 3898 carpo
950 3837 977 3888 et
1009 3849 1108 3902 cerpus.
1144 3831 1226 3887 Omisi
1240 3834 1320 3888 etiarn

208 3921 328 3972 medone
344 3922 371 3974 et
386 3917 438 3970 alie
455 3927 540 3982 ecque
555 3915 670 3968 incertae
688 3915 918 3982 interpretationis.
1205 3967 1207 3970 .

274 4009 321 4077 28)
347 4009 421 4072 Quae
439 4005 509 4062 Fons
523 4004 608 4072 (lde)
625 4005 653 4058 in
671 4003 815 4061 Commeat.
841 4019 887 4060 sur
910 4006 1068 4076 locatorio.
1085 4007 1119 4064 dc
1138 4005 1204 4062 Piin.
1223 4008 1240 4061 l.
1259 4007 1318 4066 278.

210 4099 299 4148 eontra
315 4093 386 4147 hunc
403 4090 477 4148 alleri
498 4091 630 4156 vinnaina,
651 4090 726 4154 Pice,
745 4089 847 4158 cicera,
865 4089 963 4148 divensi
977 4096 1042 4145 sunt
1060 4093 1176 4159 generis.
1214 4091 1269 4148 Sed
1286 4093 1317 4147 Α.
