2788 4986
199 233 223 303 a
349 318 351 322 .
566 227 888 296 nrssnnruruo
920 228 944 292 r.

200 393 316 480 ὁμοίως
337 395 420 464 suin
440 388 594 477 γάργαλος
613 391 666 460 καὶ
685 389 823 476 γαργάλη
843 393 982 458 EroIIan
1002 385 1160 474 κόσνμβος
1182 391 1236 458 καὶ
1256 415 1313 458 κο·

200 490 303 578 σύμβη
325 493 409 560 Suid.
429 487 521 558 καλιά
539 490 594 558 καὶ
610 489 717 568 καλιάς
737 492 813 558 Poll.
832 492 867 558 X.
883 491 951 556 166.
984 485 1126 574 ’Όμηρος
1144 487 1202 557 τὸν
1221 489 1313 576 παρά

199 608 262 658 τισι
281 589 415 681 κότυλον
437 585 532 676 (σίκλος
543 592 706 676 ποτηρίου)
727 586 863 674 κοτύλην
883 589 983 672 εἴρηκε
1003 592 1114 655 Athen.
1127 593 1177 657 XI.
1189 593 1314 658 tran.

201 689 338 775 κύναρος
364 689 386 777 ἢ
405 686 528 774 κυνάρα
554 691 641 756 Eust.
664 691 752 774 1822,
775 690 824 756 23.
851 683 973 772 μέλινος
992 687 1046 752 καί
1064 691 1170 774 μελίνη
1190 691 1314 758 chcd.
1385 749 1386 752 ,

201 793 296 858 Boin.
317 793 387 860 278.
415 791 545 864 οίσνπος
571 786 592 871 ἢ
613 786 726 873 οίσύπη
747 784 897 871 ἑκατέρως
916 783 1033 870 λέγεται
1057 790 1195 854 Erotian.
1216 792 1315 855 πτοία

204 885 225 974 ἢ
245 895 352 968 πτοῖος
371 885 511 972 θόρυβος
530 889 664 968 Hesyoh.
693 882 859 971 ἀρσενικῶς
879 881 898 952 ὁ
919 889 1045 970 σαῦρος,
1065 883 1182 970 λέγεται
1202 885 1236 952 δὲ
1256 887 1315 955 καὶ

203 984 224 1074 ἡ
253 985 357 1072 σαύρα
384 989 487 1054 Scbol.
517 989 645 1053 Tbcocr.
667 989 728 1053 VII.
750 988 778 1052 2.
812 982 889 1070 τύλη
915 983 969 1052 καλ
994 983 1087 1062 τύλος
1116 989 1187 1053 Scb.
1214 989 1315 1054 Xrist.
1357 1001 1360 1008 ’

206 1091 283 1154 Acb.
304 1089 376 1156 868.
404 1081 486 1170 ύάλη
512 1081 609 1160 ύαλος
637 1085 721 1151 Suid.
747 1088 848 1169 χῶυος
874 1084 927 1150 καί
954 1082 1038 1170 ηάυη
1067 1088 1165 1152 Cram.
1194 1088 1316 1153 Xnocd

205 1189 241 1270 II.
266 1187 316 1272 66,
339 1189 367 1252 I.
409 1187 494 1252 Haec
515 1186 607 1266 igitur
635 1185 663 1250 si
685 1184 987 1267 Glossograpbornm
1010 1187 1221 1251 examinantur
1243 1193 1318 1251 tru-

204 1288 269 1364 tina
300 1285 459 1368 populari,
494 1301 584 1366 quam
619 1301 716 1365 saepe
749 1286 910 1366 castigant
938 1285 1122 1350 eruditiores
1150 1304 1178 1350 r.
1205 1286 1318 1351 Lebrs.

206 1385 244 1450 dc
270 1387 365 1456 Arist.
386 1385 435 1452 44.
464 1383 744 1466 parascbematista
770 1388 851 1448 sunt.
906 1383 1014 1466 Neque
1041 1386 1141 1449 minus
1170 1401 1207 1447 ca
1234 1402 1320 1466 quac

205 1469 287 1568 apud
317 1483 460 1548 diversos
489 1483 661 1564 scriptores
689 1480 769 1544 idem
798 1483 985 1562 sIgniIIcant:
1019 1477 1117 1565 νομός
1143 1481 1319 1566 ποιητικόν,

206 1578 287 1666 νομή
308 1577 417 1647 κοινόν
445 1580 549 1648 Sobel.
572 1580 870 1646 unicornuum.
900 1587 931 1645 θλ
957 1583 989 1646 in
1011 1581 1143 1647 diversis
1164 1581 1321 1668 dialectis,
1385 1611 1386 1670 ρ

209 1684 292 1746 sicut
311 1682 478 1746 Atticistac
500 1677 640 1762 άσβολος,
663 1679 804 1758 αίθαλος,
826 1673 1025 1763 άστράγαλος,
1047 1677 1173 1760 πλάνος,
1196 1685 1324 1748 femini·
1385 1689 1386 1740 i

208 1781 257 1844 nis
272 1781 459 1863 praeierunt,
480 1773 550 1862 ἠχή,
571 1774 721 1860 κακκάβη,
737 1774 828 1861 μύλη,
844 1775 972 1862 ταραχή,
990 1776 1104 1860 ψύλλο,
1127 1781 1322 1867 masculinIS,

207 1879 362 1962 iidemque
391 1879 501 1944 οίσυον
528 1895 592 1942 non
613 1873 723 1956 οίσύα,
754 1885 863 1940 contra
884 1896 958 1942 voro
979 1879 1088 1962 λυχνία
1109 1897 1173 1942 non
1192 1883 1324 1962 λυχνίον
1385 1909 1386 1956 t

209 1978 268 2047 dici
292 1978 422 2062 jubent,
452 1995 531 2058 quae
552 1994 626 2059 pars
648 1993 759 2057 magna
780 1977 980 2042 scribentium
1007 1979 1039 2040 iu
1061 1980 1238 2058 promiscuo
1261 1981 1324 2045 ba·

209 2079 272 2143 bet.
320 2077 428 2159 Neque
456 2077 551 2140 Attici
580 2076 680 2140 solum
709 2074 765 2140 scd
788 2076 881 2139 Iones
908 2094 1031 2157 quoque
1052 2078 1200 2141 nonnulla
1221 2097 1324 2145 roca·

209 2174 283 2241 bula
311 2175 434 2240 diverso
466 2193 485 2239 a
512 2177 625 2239 ceteris
653 2191 766 2256 genere
794 2174 964 2255 protulisse
993 2174 1135 2239 dIcuutur
1161 2177 1325 2244 intellectu
1385 2209 1386 2216 .

212 2275 322 2340 eodem
343 2280 377 2337 ut
399 2275 502 2340 Schol.
520 2275 553 2339 ll.
569 2273 673 2336 XVIII.
690 2273 758 2338 551.
779 2270 932 2355 δρεπάνας
949 2272 1122 2347 ίιονικοᾶς·2
1150 2265 1240 2341 οὗτοι
1262 2273 1325 2364 γάρ

211 2371 315 2438 πάντα
334 2367 500 2455 τρέπουσιν
520 2372 563 2446 είς
582 2368 722 2454 θηλυκά,
747 2369 865 2457 τάφρη,
887 2368 1001 2455 κύριη,
1023 2365 1215 2458 άστραγάλη,
1240 2396 1326 2458 quo-

211 2489 277 2538 rum
290 2474 427 2537 ultimum
441 2473 480 2535 ab
494 2472 691 2534 Anacreonte
712 2481 893 2553 usurpatum
916 2480 946 2537 et
969 2490 987 2536 a
1008 2473 1164 2537 nonnullis
1185 2475 1324 2542 Homero

209 2574 272 2656 ipsi
301 2573 447 2636 tributum
476 2577 524 2633 cst
553 2587 580 2632 v.
609 2569 761 2648 Spitzner.
790 2569 829 2635 ad
856 2571 889 2636 Il.
919 2571 1023 2636 XXIII.
1044 2571 1094 2638 88.
1128 2572 1254 2638 Jacobs.
1285 2574 1325 2639 ad

211 2671 302 2736 Antb.
323 2671 388 2736 Pal.
409 2670 479 2735 205.
508 2672 614 2732 cetera
641 2685 679 2730 cn
708 2668 858 2733 Herodoti
884 2671 973 2736 libris
1001 2673 1128 2752 hausta,
1156 2672 1324 2752 inquibus

211 2766 310 2854 κύριη
331 2768 427 2834 scmcl
449 2768 576 2849 legitur,
603 2765 652 2830 bis
674 2783 748 2830 vcro
770 2763 892 2852 τάφρη,
921 2769 1005 2854 quod
1024 2770 1189 2835 JacobsIus
1210 2771 1325 2835 Achilli
1385 2843 1386 2848 ,

215 2871 303 2934 Tatio
326 2867 462 2949 impertit
483 2883 512 2947 p.
534 2863 605 2948 631,
634 2864 690 2930 sed
713 2865 810 2931 altero
832 2867 904 2933 Ioco
927 2870 974 2934 IV.
996 2869 1065 2934 261.
1089 2868 1177 2933 codd.
1200 2870 1325 2952 quidam

278 3085 308 3154 2]
332 3086 426 3140 Atticis
446 3083 536 3138 tribuit
552 3081 664 3153 Μονάς,
687 3085 736 3141 sed
753 3085 801 3140 bos
821 3085 959 3155 δρέπανον
972 3083 1105 3154 praeferre
1127 3086 1206 3142 docet
1218 3087 1324 3145 Macta-

214 3167 292 3224 uorns
319 3169 351 3222 ad
375 3169 486 3236 Lycurg.
510 3181 536 3236 p.
555 3167 614 3222 266.
634 3183 674 3236 sq.
702 3171 806 3224 omissis
829 3170 944 3224 Platonis
968 3169 1044 3222 Iocis.
1096 3168 1172 3238 Epici
1196 3169 1230 3226 dc
1256 3172 1324 3228 IaIce

215 3255 336 3308 vinitoria
355 3258 381 3308 et
399 3253 526 3308 messoria
543 3256 653 3319 utroque
670 3256 788 3320 utuntnr;
820 3251 940 3323 ιλροιάνη
962 3253 1048 3315 Quint.
1071 3253 1101 3306 V'.
1121 3255 1162 3310 58.
1186 3260 1237 3309 etc.
1264 3255 1324 3327 dpe-

214 3355 305 3388 πανον
321 3337 363 3391 iv.
381 3336 439 3392 426.
468 3333 614 3388 Antimacb.
633 3333 674 3390 nr.
693 3334 779 3390 XXIV.
805 3335 888 3390 Nono.
909 3336 1020 3391 XLVIII.
1042 3337 1100 3392 441.
1126 3337 1171 3390 ubi
1200 3338 1265 3392 nibil
1292 3340 1324 3393 ad

216 3424 326 3475 metmm
349 3418 429 3474 roIert
453 3417 485 3472 ci.
511 3417 617 3472 Jacobs.
643 3418 675 3471 ad
699 3419 777 3472 rioth.
795 3419 823 3474 P.
839 3419 879 3473 IX.
895 3421 954 3477 383.
968 3421 993 3476 9.
1036 3421 1063 3474 Si
1082 3419 1144 3472 mibi
1163 3425 1325 3490 propositum
1385 3417 1386 3422 ’

176 3524 194 3543 ..
217 3504 309 3558 inisset
327 3502 361 3558 dc
379 3516 504 3569 generum
523 3503 665 3557 mutatione
684 3516 717 3557 cx
736 3501 856 3570 professo
876 3517 964 3571 agere,
984 3517 999 3554 a
1017 3503 1160 3572 disyllabis,
1178 3519 1248 3573 quae
1266 3508 1324 3574 pri-

216 3587 362 3640 mitivomm
380 3585 467 3638 Iocum
486 3585 616 3652 obtinent,
635 3599 799 3654 separassem
817 3601 962 3654 paragoge,
983 3586 1076 3654 quibus
1095 3589 1178 3654 ruajcr
1196 3603 1256 3642 cum
1274 3589 1325 3643 ad.

213 3671 319 3738 jectivis
338 3669 480 3722 similitudo
500 3674 527 3724 et
546 3670 643 3722 iccirco
664 3684 742 3724 sexus
761 3669 896 3723 mobilior:
920 3668 1024 3738 χοάνης
1042 3669 1147 3740 χοάνου
1166 3673 1213 3722 καὶ
1232 3671 1325 3740 χόανα

217 3753 251 3806 τά
267 3752 388 3821 μέταλλα
405 3750 479 3804 Suid.
497 3749 598 3818 βοτάνη
619 3753 731 3821 etapnd
749 3755 910 3823 posteribres
926 3750 1053 3820 βύτοινον,
1072 3751 1175 3817 δοκάνη
1194 3751 1323 3814 δάπανον,

217 3835 326 3907 θηγάνη
343 3833 484 3903 θῆγανον,
510 3832 597 3902 ὄχάνη
618 3835 735 3904 ὄχανον,
762 3836 868 3900 πατάνη
886 3833 1023 3895 πάτανον,
1051 3834 1166 3899 πτισάνη
1184 3841 1324 3898 πτίσανον,

216 3917 338 3990 τρνπύνη
360 3915 512 3988 τρύπανον,
542 3917 686 3987 ἀμπεχόνη
703 3921 875 3990 -άμπίχονον,
893 3948 927 3958 -
944 3920 1061 3978 αλλαλος
1080 3919 1196 3984 acacii,
1225 3919 1323 3990 κρόκα·

217 4004 263 4062 λος
279 4000 398 4073 κροκάλη
416 4015 441 4054 v.
459 3999 564 4056 Jacobs.
585 4001 618 4055 ad
635 4002 712 4058 Antb.
730 4004 784 4060 I’aI.
804 4021 830 4074 p.
848 4003 908 4061 288.
933 4000 1064 4074 κρόταλος
1082 4000 1224 4072 κρόταλον,
1243 4019 1323 4056 cxcv·

218 4085 286 4150 λιλλη
306 4086 369 4153 (uisi
387 4086 514 4153 scriptura
534 4083 611 4154 saint)
631 4087 787 4143 σκάνδαλον
804 4095 855 4146 oto.
