2758 4994
41 286 107 351 DE
129 283 231 350 ΝΟΜ.
254 279 420 360 QUORUM
441 281 555 347 cenni.
577 281 658 348 EST
677 281 895 350 obruente.
917 285 950 353 C.
963 287 985 354 1.
1000 295 1029 366 ς.
1043 289 1072 356 2.
1093 288 1173 360 »wll

42 451 138 516 dian.
170 467 219 531 ap.
240 449 327 514 nost.
349 447 388 512 ad
409 448 498 512 Dion.
519 466 548 512 r<
571 447 641 513 566.
664 455 695 512 et
716 465 736 512 a
754 443 898 527 λαλάζειν
916 452 997 539 pope
1016 450 1171 520 {lassent-

38 549 111 627 λαξ
138 556 172 614 et
198 543 315 630 λαιαγὴ
343 539 523 643 &populine
546 546 612 612 ΕΜ.
643 545 726 628 quod
753 563 867 613 nomen
893 551 1090 616 inserendum
1119 561 1170 620 eet

39 654 127 714 Are.
156 648 225 713 105.
251 641 291 710 τὰ
318 645 360 719 είς
380 668 419 728 γη
446 639 655 728 προςηγοριαὰ
683 641 792 726 ἔχοντα
820 643 882 729 πρὸ
908 647 1016 725 τέλους
1041 655 1169 737 φωνῆεν

40 744 200 827 ὀξύνεται
220 739 415 830 ιιοριιορυγὴ,
444 737 593 827 ὀλολυγή,
622 739 759 827 οἰμωγή·
786 742 916 831 Aeci-ripe]
936 744 970 812 δὲ
990 743 1026 814 τὸ
1046 747 1166 830 αὔριον.

39 851 76 911 A
111 847 187 910 soni
214 845 438 926 significatione
467 847 609 924 sejuncta
637 850 708 907 sunt
736 835 912 926 άρπάλογας
932 848 1167 917 instrumentum

38 945 249 1010 venatoriam
271 943 368 1008 semel
389 943 578 1006 nominatum
599 942 638 1005 ab
659 941 801 1022 Oppiano
824 946 984 1011 subtracta
1005 952 1166 1016 notabone

40 1061 149 1126 qnam
171 1059 210 1106 ex
231 1043 383 1108 similibus
404 1037 504 1124 ἅρπη,
531 1035 684 1122 ἁρπαλίζω
707 1045 877 1122 oonjeetari
898 1045 990 1127 lieet;
1021 1041 1166 1133 ἀσπάρα-

40 1165 108 1226 γος
129 1143 182 1207 rel
203 1149 236 1206 ut
256 1143 353 1206 Attiei
373 1141 516 1206 dioebnnt
537 1133 735 1223 ἀσφάραγος,
763 1142 847 1221 quod
868 1145 896 1207 si
917 1147 1044 1226 proprie
1065 1149 1166 1228 signi·-

40 1245 127 1307 beat
150 1257 334 1322 asparagum
355 1241 530 1305 silvestrem
550 1239 617 1303 sire
637 1240 862 1326 myaoantlrum‚
880 1245 1057 1323 justissime
1070 1247 1118 1310 nie
1130 1255 1164 1321 nt

42 1335 241 1414 ἀσπάλαθος
269 1357 289 1402 a
315 1336 404 1403 σπάν
431 1339 581 1422 repetitur
608 1355 636 1401 v.
663 1336 910 1418 Schweigbaues.
940 1341 979 1406 erl
1006 1344 1076 1410 nun.
1100 1345 1163 1414 XV.

43 1440 125 1506 685.
169 1440 264 1504 Tertii
290 1431 462 1520 άιπάραγος
489 1438 556 1502 sive
584 1432 755 1517 άπιάραχος
782 1437 934 1517 syllabam
959 1445 1163 1526 principalem

43 1539 127 1603 milri
153 1555 326 1620 agnoscere
352 1539 461 1603 uideor
481 1539 514 1600 in
534 1536 630 1600 latino
652 1535 755 1616 betta;
791 1553 862 1600 narn
883 1545 917 1602 ut
939 1539 1162 1626 Glossogrnplni

44 1637 129 1701 illue
161 1639 403 1720 interpretantur
428 1630 466 1701 τὸ
492 1631 669 1718 ἐλάχιστον,
703 1633 734 1698 oi
758 1629 792 1696 δὲ
818 1630 873 1710 τὰς
893 1633 943 1700 ἐπὶ
969 1641 1033 1704 τῶν
1059 1638 1163 1723 ἄρτων

45 1739 260 1820 φλυκταίνας,
293 1735 324 1800 ol
344 1731 379 1799 δὲ
397 1730 453 1810 τὰς
472 1729 665 1817 καλουμένας
683 1733 776 1815 ψίχας
795 1735 868 1802 Hes.
890 1738 1070 1804 sie-Festus
1090 1742 1163 1806 hetr-

47 1845 115 1901 tam
138 1853 191 1901 res
211 1838 333 1900 minimi
349 1838 462 1916 pretii,
486 1836 544 1898 otii
560 1835 713 1915 posotom
735 1850 818 1915 pooe
838 1837 873 1898 io
894 1838 1055 1917 oopoeedo
1073 1856 1161 1920 pone

46 1937 139 2000 solet
155 1951 336 2015 assorpere.
367 1934 573 1999 Animantium
594 1933 718 1996 nomina
734 1925 874 2013 άπάγης,
897 1931 1063 2018 φαππάγγς,
1077 1953 1160 2004 απα-

46 2030 167 2117 τάγγης
188 2034 236 2115 (ut
255 2029 469 2115 παρασάγγης)
492 2039 523 2096 et
544 2032 668 2113 plantae
685 2023 811 2113 άτραγίς
830 2034 1004 2112 quaestioni
1023 2053 1059 2098 se
1080 2038 1159 2102 subt·

48 2134 186 2214 dnount;
213 2134 372 2215 proprium
398 2127 535 2214 Τενάγης
556 2137 588 2194 et
608 2137 748 2194 nentrum
768 2124 895 2212 τέναγος
910 2133 992 2212 qnod
1005 2134 1070 2198 ΕΜ.
1088 2137 1157 2220 rot,

48 2225 101 2299 58.
127 2231 168 2296 etl
185 2226 281 2314 πέγγω
311 2233 421 2315 retem,
452 2233 583 2296 forsitan
612 2245 680 2292 oum
706 2225 822 2311 Τέννης
850 2235 881 2292 et
901 2231 989 2294 πίνω
1012 2243 1155 2319 cognata,

47 2325 183 2412 πέλαγος
204 2349 271 2396 oum
292 2326 371 2408 πλάξ
393 2348 524 2413 oepoor.
554 2329 710 2408 Astyages
733 2327 818 2393 Ouid.
840 2329 912 2392 ltlet.
935 2331 969 2393 V.
992 2331 1063 2398 203.
1097 2337 1157 2398 Ts-

47 2425 159 2512 νάγων
179 2430 292 2496 Aesolr.
313 2431 399 2494 Pers.
420 2429 490 2494 304.
513 2434 543 2492 et
565 2427 625 2490 alia
647 2428 774 2509 propria
795 2427 883 2490 attuli
906 2427 944 2492 ae
966 2431 1014 2509 Aj.
1037 2449 1066 2511 p.
1088 2433 1156 2499 166.

48 2529 129 2593 Adri.
152 2529 182 2594 5.
216 2529 332 2593 llorum
355 2529 487 2592 omnium
509 2525 662 2609 alpinam
684 2532 830 2607 quantum
852 2526 1001 2607 prosodia
1023 2536 1156 2614 constat,

47 2630 144 2693 breve
163 2633 224 2712 est.
347 2677 350 2682 ‚

134 2733 165 2801 §-
186 2725 215 2790 2.
255 2726 466 2791 Proximarum
487 2723 640 2788 vooalium
661 2725 713 2788 vin
734 2726 855 2806 singula
876 2731 982 2789 entant
997 2728 1155 2810 exempla;

50 2843 122 2890 nam
146 2819 322 2906 κράταιγος.
339 2831 370 2890 et
390 2817 565 2904 πραπαιγάν
585 2823 704 2887 lrutiois
725 2841 837 2888 nomen
858 2823 1043 2905 plantaeque
1065 2842 1155 2891 oom-

50 2925 186 3007 positum
215 2925 335 2989 uidetur
364 2932 398 2989 ut
428 2939 632 3004 synonymum
652 2917 873 3004 ιριταιόγονος
899 2957 941 2972 --
962 2920 1063 3004 Μάγος
1088 2926 1154 2989 sire

52 3023 182 3104 simplex
199 3024 267 3087 sive
289 3028 486 3104 oonjnnetum
508 3031 591 3088 oerte
611 3022 851 3104 incomparabile
874 3028 923 3085 est
943 3057 983 3069 -
1001 3017 1155 3105 Ἐπειγεύς

50 3123 236 3186 homericum
264 3140 283 3186 a
310 3123 406 3186 verbo
433 3121 556 3186 dentum
584 3130 619 3188 ut
646 3117 771 3205 ἀρηγών
798 3121 837 3186 ab
864 3115 987 3204 άρήγω,
1018 3124 1153 3188 nativum

50 3238 123 3284 vero
144 3215 278 3302 άπηγος
298 3222 412 3306 hirone,
434 3221 516 3303 quod
538 3239 592 3285 onr
612 3221 794 3286 Eustathius
811 3221 946 3286 ionioum
964 3221 1045 3285 dieat
1059 3222 1153 3285 intel-

50 3322 128 3401 gitur
157 3337 196 3383 ex
222 3321 351 3385 Arnobii
374 3322 528 3401 seriptura
550 3324 668 3400 etopus
675 3341 688 3397 ,·
724 3335 906 3401 paragogen
927 3318 1057 3401 denique
1078 3337 1153 3402 pso-

51 3415 128 3502 σηγύ
150 3438 177 3482 v.
200 3418 310 3482 Parall.
336 3419 403 3484 120.
426 3455 467 3466 —-
487 3413 588 3483 Οὐδὲν
608 3406 705 3494 eleos
727 3420 802 3500 (sor.
820 3405 890 3501 γὀξ)
909 3413 987 3500 ὑπὲρ
1002 3413 1061 3481 δύο
1076 3423 1152 3482 oot-

50 3516 143 3600 λαβὰς
163 3518 208 3604 τῷ
227 3526 243 3580 i
263 3514 468 3602 παραλήγεται
488 3515 541 3582 καί
561 3514 766 3602 παροξύνεται
786 3511 864 3581 ἀλλὰ
882 3513 1034 3601 μόνοντὰ
1051 3511 1153 3599 ὀλίγος

51 3617 160 3682 llerorl.
181 3637 212 3682 π.
234 3619 319 3680 Μον.
343 3617 389 3682 te.
411 3617 519 3699 Neque
548 3623 685 3696 onytona
701 3619 900 3698 reperiuntur
920 3623 974 3680 aut
995 3632 1152 3697 propare-

52 3723 165 3796 xytone
194 3722 246 3779 aut
274 3717 558 3798 properispomena.
600 3717 747 3780 Feminini
774 3718 897 3798 generis
926 3716 1151 3779 substantivum

52 3832 140 3878 anunm
168 3821 217 3878 est
244 3808 327 3897 ἐλιγή
357 3821 387 3877 et
415 3814 445 3878 id
473 3833 541 3879 eum
571 3816 640 3878 aliis
669 3814 806 3895 ejusdem
834 3815 967 3878 familiae
994 3809 1054 3890 ἕλιξ
1074 3813 1152 3896 ’ίλιγξ
1208 3873 1213 3884 ,

52 3915 162 3995 ἴλιγγος
183 3920 241 3977 eto.
263 3912 432 3978 derivatum
454 3933 473 3977 a
489 3915 585 3979 verbo
599 3914 686 3977 ε’ίίλω
703 3909 822 3992 itione,
843 3913 923 3977 unde
941 3913 1033 3976 etiam
1047 3905 1152 3994 ὀλίγγη

53 4007 71 4096 ἡ
91 4007 263 4086 ἀνάπαυσις
283 4013 354 4076 Are.
378 3999 445 4076 105.
468 4020 498 4076 et
520 4029 715 4093 synonymon
735 4013 806 4078 huie
827 4007 930 4085 ἐλινάς
946 4011 1082 4078 eeseatio
1095 4011 1153 4076 sed

53 4111 122 4174 illud
143 4127 211 4174 eum
234 4117 323 4192 trope
344 4112 462 4177 vocalis
484 4129 565 4194 quae
585 4113 617 4175 in
636 4105 826 4194 ὀλοίπρογος,
848 4105 957 4192 ὅλαις,
978 4107 1098 4192 βολβός,
1122 4117 1153 4174 et

87 4229 191 4278 ennean.
210 4228 346 4290 rariorig.
903 4210 944 4274 20
1147 4211 1148 4216 ’
