2750 4994
194 207 259 277 184
543 205 865 278 nissnhrnrio
898 207 947 274 tv.

197 377 393 456 paroxytonn
410 368 565 456 βάσκανος
586 391 605 436 a
626 371 794 456 βασκαίνω,
815 368 971 456 κάγκονος
989 379 1021 437 et
1050 378 1192 438 neutrum
1219 366 1321 452 κάγ-

197 492 297 538 κονον
315 472 431 538 herbne
450 489 563 538 nomen
580 490 603 538 ,a
623 468 729 555 erem
749 473 924 552 καννα1νω,
955 470 1039 554 quod
1060 479 1197 536 veterum
1216 486 1322 533 non-

199 570 282 636 nulli*
294 587 350 652 per
370 569 661 653 anadiplosicsnum
682 567 816 646 νκάνος
836 572 979 638 extitisse
1001 572 1061 637 sibi
1075 573 1321 651 persuaserunt

199 689 227 736 v.
247 669 391 736 Lnrcber.
412 668 451 734 od
473 669 579 736 Orion.
601 688 631 752 p.
651 671 702 754 87,
725 670 772 736 19.
813 671 925 734 Verum
947 671 1007 734 hoc
1027 666 1123 744 κάνος
1149 685 1215 732 non
1244 685 1321 732 so-

200 769 262 836 lum
283 769 385 837 fletum
407 766 462 833 sed
483 785 522 832 ne
544 776 616 850 apte
637 769 757 850 quidem
778 769 881 834 ictum
902 776 966 850 est;
993 787 1064 834 num
1086 787 1104 832 a
1124 763 1191 833 κάω
1217 769 1321 835 deri-

201 875 304 934 vatum
325 867 509 950 adjectivum
531 867 612 932 foret
633 875 793 948 oxytonon
811 861 908 942 κοινός
928 873 962 931 ut
983 887 1002 932 a
1023 868 1174 933 similibus
1198 869 1319 932 verbis

202 963 306 1046 ὄανός,
328 961 439 1051 φανός,
459 960 588 1047 cocceio,
615 962 754 1044 κοινός22
781 966 950 1047 eodemque
970 983 1115 1032 mensure
1140 985 1203 1049 qne
1229 967 1319 1030 luti-

202 1084 396 1132 numeneus
419 1053 1318 1148 —chtyhoelsu-vo'sbtoohtnflaofiorovucbo‘tssxret-

203 1185 251 1230 νει
269 1164 434 1230 Herodian.
457 1165 555 1233 Crem.
574 1166 626 1230 ill.
645 1163 757 1230 440.²³
803 1163 869 1228 illis
895 1163 1014 1228 accedit
1042 1167 1163 1230 tertium
1191 1162 1318 1250 ἐργάνη

204 1265 360 1331 Mineruae
382 1263 541 1344 epitheton
562 1265 697 1346 propriis
712 1264 811 1328 simile
823 1269 855 1327 et
868 1259 932 1344 χεὶρ
945 1256 1062 1346 ὀργάνη
1076 1265 1181 1346 Eurip.
1208 1265 1320 1342 Quam

205 1362 300 1426 multa
321 1379 395 1428 vero
416 1363 449 1426 in
470 1363 530 1426 hoc
544 1380 669 1445 quoque
686 1379 787 1428 rerum
802 1377 916 1442 genere
932 1363 1152 1447 interciderint,
1172 1373 1319 1446 arguunt

206 1461 381 1542 composita
402 1466 432 1524 et
453 1459 606 1544 derivata,
636 1479 717 1542 qnae
738 1461 891 1543 primitivo
919 1461 1128 1526 homoteleuto
1158 1463 1320 1530 destituta

126 1639 134 1656 ·
207 1566 288 1643 sunt,
308 1554 498 1644 βλιχανώᾶης
517 1560 600 1641 quod
620 1560 791 1625 Meinekins
812 1559 844 1623 in
865 1558 949 1622 Com.
974 1561 1007 1626 T.
1027 1561 1075 1625 1v.
1096 1562 1167 1628 383.
1184 1563 1223 1627 ad
1236 1559 1320 1646 βλή-

206 1654 665 1742 χωνῐν1ονῑ,δνςβράκανοςκ
695 1657 792 1722 uerbo
820 1657 947 1739 βοκκεῑν
973 1662 1196 1744 compositum,
1224 1661 1320 1726 teco-

207 1751 387 1840 κρήδεμνος,
409 1753 643 1840 σχινδανόπους,
664 1757 852 1838 verbumque
866 1759 1067 1846 hovyovoiv²⁴
1088 1760 1138 1824 vel
1152 1763 1319 1850 τρυγονᾷν

209 1862 240 1923 et
261 1859 487 1924 substantivum
507 1851 662 1939 ἀμανίνης.
695 1925 698 1932 ,
1318 1919 1321 1922 ,

293 1965 323 2034 δ.
344 1959 373 2026 4.
414 1956 631 2024 Productionis
652 1957 685 2019 in
704 1955 766 2019 hoc
786 1970 900 2036 genere
921 1957 1076 2020 nominum
1090 1956 1151 2023 duo
1168 1962 1319 2042 exempla

211 2063 299 2134 sunt3
327 2074 419 2122 unum
446 2051 563 2134 αἰανός,
591 2054 675 2136 quod
702 2052 794 2119 modo
823 2053 862 2118 ad
889 2050 977 2128 αἰνός
1004 2055 1123 2120 accedit
1149 2059 1244 2123 modo
1273 2061 1319 2124 ad

211 2151 338 2231 αἰώνιος
357 2175 385 2222 v.
406 2155 445 2220 ed
461 2157 510 2236 hj.
531 2173 559 2220 v.
582 2154 651 2220 etr.
673 2153 802 2217 alterum
829 2148 921 2228 ἑανός
947 2153 1029 2235 apud
1049 2155 1214 2221 Homerum
1241 2162 1318 2241 qui-

212 2254 294 2338 dem,
323 2271 391 2318 nam
421 2254 613 2335 posteriores
640 2253 802 2333 vacillant3
836 2252 893 2318 sed
919 2254 1145 2318 substantivum
1170 2263 1319 2322 neutrum

211 2354 256 2417 illi
277 2353 411 2418 tribreve
432 2359 497 2433 est;
520 2351 715 2416 Grammatici
731 2358 836 2416 nutem
856 2360 1019 2434 utrumque
1032 2353 1070 2416 ab
1085 2353 1195 2418 eodem
1215 2358 1316 2420 verbo

213 2449 254 2516 ἕω
274 2448 383 2533 ἕνννμν
401 2447 472 2516 'velo
495 2450 617 2530 ductum
637 2451 754 2533 volunt,
775 2450 857 2514 haud
880 2452 947 2516 sine
973 2453 1038 2516 ueri
1066 2453 1182 2532 specie.
1224 2454 1318 2530 Quod
1364 2475 1365 2478 ¹

214 2551 246 2616 in
274 2549 331 2616 od.
357 2549 393 2614 11.
426 2549 495 2615 209.
522 2549 625 2616 verbis
652 2549 818 2616 homericis
845 2545 914 2614 ὅσοι
943 2550 1113 2632 μνηστῆρες
1141 2545 1258 2633 ἀγαυοί
1283 2555 1318 2616 in

281 2787 327 2854 22)
357 2785 430 2841 Idem
456 2787 525 2855 quod
553 2784 640 2852 ψηνός
664 2791 692 2840 ut
720 2784 807 2853 φηνός
830 2783 844 2838 ὅ
868 2785 993 2857 λαμπρός
1016 2785 1111 2841 mend.
1139 2787 1182 2844 63.
1222 2788 1319 2846 Νάνας

216 2867 280 2936 (scr.
298 2868 395 2937 κοινάς)
412 2869 459 2928 τὰς
476 2869 558 2941 horos
575 2868 629 2924 ἀπὸ
646 2868 695 2922 τοῦ
711 2867 867 2924 rescribes.

282 2954 329 3020 23)
352 2953 432 3008 nocht
449 2952 540 3013 δανός,
558 2951 647 3012 ταγός,
664 2949 761 3020 μανός·
779 2953 857 3004 τοῦτο
879 2952 909 3006 δὲ
923 2954 986 3022 παρ’
997 2954 1125 3011 Ἀττικοῖς
1137 2954 1316 3014 aversorem,

219 3051 327 3106 qurorum
346 3037 462 3092 secundo
480 3037 688 3092 substituendum
714 3041 755 3091 est
776 3034 875 3105 τρονός
898 3037 941 3092 vei
967 3035 1064 3105 φανός.
1100 3036 1199 3104 (Fluvii
1223 3050 1318 3092 nomen

219 3119 305 3179 Τάνος
321 3122 397 3175 Pnus.
416 3123 450 3176 li.
468 3121 509 3188 38,
527 3123 552 3176 7.
573 3126 600 3176 et
615 3118 722 3178 Τννοός
739 3119 800 3174 Eur.
818 3119 859 3174 nt.
877 3121 936 3176 108.
957 3121 1066 3176 sortasse
1085 3120 1224 3189 utrobique
1248 3125 1316 3174 scri-

219 3201 332 3260 bendum
349 3205 436 3262 Τᾶνος
453 3211 481 3259 ut
497 3204 593 3263 Φᾶνος
612 3210 638 3260 et
655 3203 759 3272 θρᾶνος
777 3200 791 3254 ὃ
810 3202 917 3273 δίφρος,
937 3203 1007 3272 quod
1020 3203 1134 3257 Arcadio
1148 3203 1225 3258 reddi
1240 3203 1318 3258 debet

220 3301 266 3356 pro
283 3286 390 3356 νᾶνος).
426 3288 466 3344 De
484 3288 573 3341 ultimo
593 3287 713 3342 dissentit
730 3285 890 3354 Phrynichus
906 3284 998 3354 μανόν
1005 3286 1147 3350 Ἀθηναῖοι
1161 3285 1316 3345 ἐκτείνονοι,

220 3371 343 3440 Tragicos
360 3372 510 3438 significans
527 3371 647 3426 sortasse.
682 3370 721 3424 De
746 3367 831 3436 ῥννός
858 3373 892 3424 et·
905 3367 1004 3436 ῥλάνος
1021 3369 1087 3436 (sic)
1106 3369 1119 3422 ὁ
1137 3369 1240 3438 τυφλός
1256 3371 1316 3426 lies.

220 3453 284 3508 nihil
303 3460 415 3522 constut3
433 3452 536 3512 οκονός
554 3454 639 3508 bruco
658 3455 734 3522 apice
751 3454 857 3508 notavit.
892 3452 1024 3506 Novitiuuu
1041 3459 1083 3509 est
1103 3452 1194 3521 μονάς
1217 3452 1232 3507 ὅ
1256 3473 1316 3523 μοι·

220 3536 335 3606 νόμενος
351 3538 392 3592 Du
410 3537 491 3605 Caog.
512 3535 565 3604 (Gi.
585 3537 725 3604 Goettiing.
745 3535 778 3590 de
795 3535 859 3590 hcc.
879 3535 950 3604 197.)

286 3623 332 3689 24)
351 3621 504 3690 Ῥομβονᾷν
520 3623 663 3691 proximum
681 3626 722 3675 est
738 3621 836 3674 nomini
856 3619 977 3690 ῥυμβών.
1010 3619 1150 3690 Megaris
1175 3626 1204 3675 et
1221 3639 1316 3690 κορκο-

223 3707 276 3774 νᾷν
292 3721 308 3760 a
323 3704 454 3775 μηχάνη,
478 3704 598 3774 κνρκάνη
615 3703 710 3758 breed·
732 3704 789 3760 161.
810 3705 859 3760 sed
876 3704 1034 3772 παμφονᾷν
1051 3719 1067 3758 a
1088 3704 1169 3760 vcrbo
1193 3703 1316 3772 berytono

223 3796 251 3844 ut
267 3789 411 3860 ἕρνκννᾷν.
438 3788 568 3857 Ὑφανᾷν
584 3787 615 3841 ab
636 3784 744 3854 ὖφοίνω
769 3788 812 3842 vel
835 3784 935 3855 ὖφάω,
954 3793 983 3842 ut
1005 3787 1138 3854 δεικανᾷν
1168 3793 1195 3844 et
1218 3795 1316 3858 βρυχη-

222 3874 325 3926 νᾶοθοι
349 3876 392 3930 vol
408 3872 629 3945 ροννκονᾶσθνν.
663 3869 736 3926 Haec
751 3870 983 3940 paraschemutistn
1008 3875 1075 3926 sunt.
1101 3872 1198 3928 Verum
1215 3871 1316 3940 φανᾷν.

223 3958 292 4026 quod
312 3957 459 4026 Hesychius
477 3959 659 4024 iuterpretatur
678 3953 770 4006 θέλειν
787 3953 838 4008 boc
857 3962 898 4012 est
916 3957 1069 4024 φαίνεσθον
1085 3955 1177 4010 θέλειν
1193 3957 1252 4012 sive
1268 3968 1315 4008 uno
1364 3991 1365 4010 r

222 4041 302 4096 verbo
321 4040 467 4110 φονητιᾷν,
487 4039 689 4097 desiderativum
707 4044 749 4094 cst
769 4043 797 4092 ut
815 4039 910 4107 ξανᾷν.
