2770 4992
196 299 253 365 nn
275 299 415 367 uomu.
437 285 533 365 mTa
553 277 814 366 nmuurmus.
836 301 869 368 c.
883 301 939 392 ur,
953 310 985 381 ι.
998 305 1025 373 a.
1110 307 1171 376 ms

506 495 615 562 CAP.
658 493 714 560 itt.

243 637 304 706 De
327 635 530 704 nominibus
555 639 594 704 ita
616 611 655 704 ἶλ
681 669 730 690 -··
756 636 979 708 amantea.
1009 619 1019 634 ’

124 790 157 858 §-
183 783 213 849 1.
258 783 438 867 Nominum,
460 800 540 866 quae
564 779 626 848 boc
647 783 718 846 looo
742 785 964 870 tractabuntur,
987 787 1161 856 terminatio

46 889 94 944 aut
116 897 192 946 cum
215 883 296 963 ipsis
318 888 393 946 nata
414 888 465 946 aut
487 901 506 946 a
527 881 631 947 uerbis
653 889 822 964 praecepta
843 889 908 968 est;
932 885 964 950 in
984 903 1046 969 quo
1069 895 1100 952 ct
1121 887 1160 956 ab

46 981 181 1062 antiquis
203 979 418 1045 Grammaticis
440 980 591 1045 dissentio
614 986 645 1046 et
673 997 692 1044 a
711 982 839 1046 uostris.
881 982 1006 1050 tttomm
1027 1001 1107 1070 uuus
1128 987 1161 1052 in

44 1079 106 1144 diti.
132 1075 413 1162 164,18.ἐατοῦ
435 1075 548 1156 ἄιαλος
568 1071 688 1143 dadum
719 1085 751 1144 et
779 1079 887 1145 eodem
916 1079 1008 1146 modo
1039 1082 1076 1148 de
1103 1101 1159 1150 oe-

45 1181 117 1243 teris
141 1177 417 1242 terminationibus
444 1171 507 1242 ιὀιὸ
533 1177 592 1242 τοῦ
620 1175 723 1260 ἵμερος
752 1175 856 1261 ίμείρω
877 1177 947 1264 582,
969 1179 1018 1247 53.
1048 1177 1084 1247 ἐκ
1102 1183 1161 1252 τοῦ

45 1275 203 1360 βάσκανος
224 1277 385 1360 mutatve
408 1277 475 1361 190,
497 1275 547 1343 28.
572 1282 602 1340 ot
623 1280 801 1340 nostrornm
816 1278 943 1360 signifer
954 1279 1158 1352 Buttmannue

44 1377 72 1440 in
94 1375 232 1441 Gramm.
258 1373 380 1450 5:119.
405 1363 482 1439 adn.
504 1375 534 1441 4.
555 1375 735 1453 ποικίλλω,1
763 1365 896 1458 ἀγγέλλω
919 1382 950 1440 ct
970 1376 1019 1442 his
1047 1373 1159 1446 similia

45 1475 139 1539 rerba
162 1475 205 1540 ab
229 1473 392 1554 adjectivis
414 1473 554 1538 derimta
573 1479 671 1560 putat,
691 1490 754 1537 non
771 1481 889 1540 contra.
930 1475 1038 1560 Neque
1056 1485 1158 1546 tamen

46 1591 151 1639 omnes
183 1575 217 1637 in
245 1572 306 1636 boo
333 1573 534 1654 conspirasse
563 1572 655 1637 docet
675 1573 740 1637 EM.
762 1571 833 1652 582,
857 1572 906 1638 et.
928 1565 990 1639 ἀπὸ
1010 1575 1157 1662 cooptata

43 1674 189 1755 μειλίσσω
214 1667 269 1735 καὶ
292 1666 411 1734 ἐκεῖθεν
429 1670 561 1754 μείλιχος
588 1665 631 1748 ὥς
656 1663 800 1755 ταράσσω
824 1665 971 1755 τάραχος,
1000 1680 1031 1738 ct
1053 1692 1155 1745 canon

46 1774 192 1855 antiquus
214 1765 263 1834 ὅτι
282 1764 321 1834 τὰ
343 1763 480 1852 ὀνόματα
499 1771 563 1835 τῶν
582 1766 730 1856 ῥημάτων
749 1767 922 1853 βραχύτεροι
940 1763 984 1847 ὥς
1000 1767 1037 1835 τὸ
1048 1770 1155 1842 bailio)

44 1865 158 1950 θάλος,
189 1863 326 1952 ἀγγέλλω
357 1864 482 1952 ἄγγελος
509 1869 579 1934 Scit.
606 1871 679 1951 Lyc.
707 1867 778 1934 84²
800 1887 861 1950 quo
883 1870 946 1933 nixi
967 1864 1154 1964 ἀτάσθαλος,

45 1969 199 2054 amites?
216 1965 389 2052 sciapodes,
409 1964 596 2050 στρογγύλος
614 1967 717 2032 uerbis
732 1967 911 2048 subjicimus
926 1975 1069 2052 tanquam
1085 1982 1156 2041 ortu

45 2069 212 2148 prioribus.
254 2069 367 2132 Verum
389 2076 437 2133 est
459 2066 540 2132 aliud
561 2084 659 2148 genus
681 2064 850 2130 verbalium
865 2066 1155 2147 quodtcrminatio-

45 2181 110 2232 nem
131 2183 199 2230 nou
223 2165 344 2232 aliunde
367 2167 485 2251 accepit
505 2165 562 2232 scd
583 2166 673 2248 quasi
694 2158 882 2248 αὐθαίρετον
900 2161 1003 2254 habat,
1023 2171 1153 2252 primum

46 2311 339 2326 ——n

109 2390 137 2458 i)
164 2389 223 2444 Hoc
241 2403 258 2443 tt
278 2385 358 2447 πικός
381 2390 437 2446 sive
454 2386 561 2456 αειαός,
591 2387 662 2457 quod
686 2387 832 2456 Hesychius
855 2385 955 2459 πικρόν
981 2389 1155 2448 πευκεδανόν

46 2476 237 2542 interpretatur,
254 2473 359 2541 proprie
378 2478 464 2529 autem
481 2474 520 2527 sic
533 2477 561 2526 ut
574 2473 681 2526 latinum
693 2473 779 2540 optenta
791 2473 847 2528 sive
861 2473 933 2540 opica
943 2471 1042 2540 aliquid
1058 2477 1153 2532 acute.

47 2563 112 2610 atum
132 2553 300 2623 significasse
316 2555 427 2610 uidetur.
463 2555 529 2610 iiiuc
546 2553 642 2626 πικρός
659 2571 718 2609 cnm
736 2555 769 2610 ad
787 2555 839 2609 atia
856 2569 924 2622 quae
950 2569 1057 2611 sensum
1078 2573 1151 2629 pua.

47 2646 105 2708 guni
121 2639 275 2695 transiaium
297 2644 337 2694 esi
354 2643 383 2694 ut
398 2638 494 2709 πατρὸς
511 2638 585 2709 ὀδμή
600 2639 674 2693 iiom.
692 2636 843 2708 γλαοαότης
854 2636 939 2708 πικροὶ
952 2639 1018 2694 tint
1036 2641 1066 2697 V.
1083 2643 1149 2700 Suu,

46 2724 78 2780 li.
97 2729 153 2779 tum
170 2722 204 2777 ad
223 2736 310 2776 amara
331 2735 445 2792 quoque,
463 2723 513 2780 sed
529 2722 662 2792 pungendi
679 2720 837 2792 significatio
858 2724 982 2777 remansit
1000 2725 1027 2779 in
1045 2729 1154 2788 nornine

48 2807 128 2872 πεύκη
148 2821 173 2860 v.
190 2805 336 2860 Ruttmann.
349 2805 431 2862 Lorii.
451 2807 472 2862 1.
495 2809 535 2864 17.
558 2806 628 2874 quod
646 2819 741 2862 nomen
761 2819 794 2862 ax
808 2810 894 2873 etymo
907 2806 1064 2876 interpretor
1075 2813 1152 2880 apat·

48 2891 136 2958 {mium
161 2891 219 2945 sire
238 2887 391 2958 ὄξιίᾳοίλον
412 2896 440 2944 ut
462 2893 538 2948 πίτυς
559 2888 686 2960 λξοιόρος
704 2904 719 2943 a
735 2888 869 2956 Meleagro
887 2888 983 2944 dicitur
998 2891 1019 2945 1.
1040 2891 1079 2950 tt.
1097 2908 1151 2961 nott

50 2973 86 3041 (ut
106 2975 187 3042 rutgo
208 2971 352 3041 accipiunt)
374 2976 435 3041 quia
451 2975 509 3043 ipsa
526 2975 553 3026 in
575 2987 685 3027 acumen
709 2974 763 3028 cuit
786 2969 834 3027 sed
855 2969 888 3025 ob
907 2971 1013 3027 iormam
1029 2971 1156 3032 ioiiorum‘

49 3071 113 3125 quae
131 3071 180 3111 nos
201 3071 306 3125 quoque
324 3058 486 3110 continemus
507 3056 609 3108 Nadeta
638 3061 665 3111 et
683 3067 767 3124 genus
784 3054 903 3108 arborum
919 3055 1068 3111 universum
1083 3049 1157 3110 Noa-²

48 3141 150 3195 nnus.
188 3139 246 3196 Nec
268 3140 401 3209 pungendi
424 3139 509 3194 sotum
533 3139 642 3194 terbum
668 3153 683 3193 a
706 3139 789 3207 stirpe
811 3135 908 3205 graeca
931 3142 1075 3208 repetimus
1099 3141 1156 3199 sed

50 3211 285 3294 ademptumst
300 3223 447 3278 ποικίλλειν
463 3223 490 3277 id
508 3229 550 3280 eat
563 3225 666 3290 punctis
683 3223 848 3290 distinguere
862 3227 891 3278 et
906 3224 981 3289 qnasi
998 3225 1078 3290 gattis
1095 3226 1158 3280 ad.-

50 3323 185 3377 spamere,
207 3307 278 3364 unde
301 3321 350 3362 acu
367 3308 439 3376 picta
463 3304 496 3358 τὰ
513 3306 622 3360 ποικίλα
647 3307 767 3364 dicuntur
788 3305 900 3362 Tbaoor.
916 3303 967 3360 XV.
992 3311 1019 3364 et
1035 3306 1146 3378 pbrppio

51 3392 284 3458 βελονοποικίλτης.

110 3476 139 3544 2)
154 3476 204 3530 Pro
222 3469 450 3542 cynnamoma).
469 3471 583 3544 Hasyoh.
604 3469 714 3542 ἄγκιίλλ.
732 3469 811 3526 scribi
831 3477 948 3542 oportet,
966 3486 1013 3541 pro
1031 3471 1145 3544 Βαμβιί·

54 3555 88 3608 λει
103 3561 194 3627 τρέμει
213 3561 257 3611 atti
273 3553 424 3624 {tappetia
443 3561 487 3611 atti
502 3556 647 3625 βαμβαλεῖ.
683 3555 749 3610 Nam
765 3553 914 3623 poppone,
941 3555 1012 3622 quoti
1029 3555 1156 3612 vttidie-¹

54 3643 132 3695 auius
151 3640 260 3696 biosciro
278 3637 416 3707 tribuebat,
434 3653 557 3706 graecum
574 3653 625 3693 nort
643 3645 691 3694 est.
726 3636 841 3693 Cononis
855 3638 927 3692 itiius
940 3653 1004 3693 usus
1021 3643 1062 3694 est
1074 3639 1146 3693 mui-

55 3723 142 3790 tipiex:
161 3726 226 3775 icoc⁴
237 3719 404 3858 βραζύνεται
422 3720 464 3775 ὅτι
482 3721 512 3777 ἐκ
530 3723 578 3774 τοῦ
596 3721 662 3775 uidua
685 3721 732 3773 καί
746 3719 783 3799 gai
801 3720 925 3790 ὄνόμοαα
939 3721 997 3772 ’τῶν
1014 3720 1147 3790 ῥημάτων

56 3804 201 3876 βραχύτερα
220 3805 293 3861 Mose
314 3819 356 3873 op.
375 3805 442 3859 biot.
461 3805 512 3876 dtt.
532 3808 669 3876 πιθαρχία
689 3803 719 3858 τὸ
739 3822 770 3855 m
791 3801 826 3862 ὡς
838 3805 972 3858 ἴκελον-
985 3803 1026 3857 ὅτι
1040 3804 1072 3856 τὰ
1085 3803 1145 3857 tat-

56 3903 123 3952 ματα
138 3889 191 3940 τῶν
207 3885 338 3958 ῥημάτων
352 3886 508 3958 βραχύτερα
525 3888 591 3943 ibid.

118 3971 145 4036 3)
169 3972 290 4024 liariter
309 3969 387 4038 ὄμμα
404 3970 481 4026 Αοίίι.
500 3973 529 4027 V.
548 3986 573 4025 u.
595 3970 651 4027 131.
670 3969 703 4024 ad
721 3971 886 4028 catachresin
902 3970 993 4027 reterri
1016 3976 1103 4039 potest
1119 3977 1147 4026 ut

59 4055 135 4120 βρέφη
163 4051 343 4122 ψελλιζόμενα
367 4052 415 4117 τὴν
435 4053 518 4123 βάσιν
536 4053 639 4109 iieiiod.
658 4053 700 4108 iit.
722 4059 766 4123 11,
788 4056 847 4113 sota
872 4056 899 4108 in
923 4069 975 4122 quo
1000 4054 1147 4111 amoliendo

60 4135 154 4190 muttum
164 4136 265 4192 laborat
278 4134 386 4206 Coraes,
398 4137 487 4208 χωλὸς
498 4136 547 4202 τῆν
559 4141 641 4207 χεῖρα
654 4137 802 4198 uinum.
818 4137 889 4194 Com.
904 4137 1004 4205 traam.
1016 4138 1044 4193 t.
1053 4139 1074 4193 1.
1087 4139 1145 4196 tot.

91 4231 190 4289 tondeat.
204 4237 343 4300 PatitoIog.
915 4221 937 4287 8
