2758 4994
103 300 110 306 ,
171 229 226 296 DE
247 229 467 298 NOMINIBUS
488 232 849 303 mooxuommeos.
880 237 1023 315 dvis
1042 237 1068 306 1.
1113 241 1177 308 aa}

46 393 91 460 τὸ
115 388 326 479 εὐφρόντνος
343 393 397 460 καὶ
416 391 597 480 modernos.
631 367 763 464 Primum
792 399 900 465 liorurn
927 401 978 464 alii
1005 419 1044 468 ex
1070 399 1179 468 κιστό-

49 511 165 569 συνος
186 496 348 560 concisum
367 497 476 561 roluut
494 497 561 562 EM.
583 497 654 581 673,
675 499 724 564 30.
746 497 850 564 Orion.
866 499 934 582 131,
955 499 984 565 9.
1006 505 1094 581 cujus
1115 520 1178 566 uo-

49 595 157 662 minis
180 595 273 660 lestis
294 594 396 658 nullus
417 611 518 676 neque
540 611 681 677 syncope
701 597 872 678 probabilis
892 604 950 681 est,
972 615 1066 679 quare
1082 615 1177 680 prae-

51 699 124 758 stat
150 695 288 758 arcton
308 701 452 775 repetere
477 696 616 776 quamvis
645 712 665 759 u
692 695 776 759 nullo
804 695 865 758 alio
894 696 991 760 uerbo
1020 697 1176 779 bisyllabo

52 809 180 856 nomeu
201 793 377 873 hujusmodi
399 798 528 858 emanet.
563 792 670 874 Neque
699 793 946 873 trissyllaborum
977 802 1062 858 certa
1089 796 1174 862 tides.

55 890 178 966 Quidni
199 893 280 956 euim
301 885 477 974 ἁρμόσννος
489 891 528 956 ab
543 886 652 974 ὅρμων
669 892 783 973 potino,
804 890 885 955 uude
905 885 1039 974 ἁρμονία
1060 888 1174 975 et‘Ap-

53 988 212 1072 μονίδῃς,
247 997 425 1071 repetamus
451 991 499 1056 sio
526 996 559 1054 ut
585 984 796 1091 ῃαρρόσονος,
829 991 879 1054 val
912 1007 981 1054 mea
1009 993 1172 1058 caussato

55 1083 146 1170 ἅρμη
168 1090 238 1152 sive
259 1081 378 1169 ἆρμόςῗ
408 1090 448 1154 m
468 1084 658 1170 δεσπόσννος
679 1107 698 1154 a
719 1084 866 1171 δεσπότης
892 1096 926 1152 ut
953 1087 1118 1174 ἱπποσύνῃ
1130 1093 1171 1157 ab

56 1183 220 1269 ἱππότηςῖ
248 1204 309 1269 qun
329 1189 461 1252 νηττία
484 1187 651 1268 synthetou
672 1182 913 1270 olnodaoooodvp
935 1187 1044 1252 deduci
1064 1197 1171 1271 potest

57 1305 122 1367 ouo
141 1292 279 1368 oportet.
294 1286 463 1352 Barbarum
479 1292 528 1350 est
542 1281 729 1370 κλεψοσύκῃ,
749 1285 832 1370 quod
850 1302 888 1349 ex
900 1288 1025 1350 novitiis
1045 1289 1170 1352 alamur

58 1385 268 1466 auctoribus;
296 1380 433 1468 κλαψινῃ
461 1386 541 1448 euim
562 1385 722 1450 dicendum
742 1393 810 1450 eret
830 1391 864 1448 ut
885 1383 1031 1465 κκσννος,
1060 1388 1089 1451 si
1109 1387 1170 1452 lioo

57 1486 89 1548 iu
114 1483 294 1564 exemplum
320 1485 478 1566 venisset;
506 1483 564 1548 sed
585 1485 630 1549 illi
651 1486 719 1549 sive
738 1483 831 1548 dubio
852 1480 1043 1567 κλεπτοσύνῃ
1064 1487 1168 1566 scrip-

59 1589 181 1648 serunt
216 1581 296 1658 Quin
308 1599 348 1646 ne
362 1584 536 1664 praesentis
555 1582 676 1664 quidem
694 1583 842 1664 temporis
855 1583 916 1647 liuo
931 1583 1040 1646 deleri
1060 1601 1168 1648 exem-

58 1682 146 1763 plum
168 1687 286 1744 certum
307 1681 447 1763 prolerre
467 1698 597 1761 possum
617 1688 741 1762 praeter
762 1681 844 1762 quod
865 1682 1037 1761 Hesychius
1059 1683 1167 1746 neseio

59 1780 142 1846 unde
165 1781 346 1861 expiscatus
375 1787 439 1862 est,
466 1776 647 1863 Χανροσύνῃ
667 1774 754 1862 χαρά.
790 1780 868 1844 Nem
887 1776 1061 1863 θάρσυνος,
1083 1781 1167 1862 quod

59 1878 245 1942 Eustatliius
260 1878 310 1942 lrie
331 1879 448 1960 inserit,
471 1881 715 1944 terminationem
736 1897 755 1942 a
775 1879 873 1942 verbo
889 1885 1092 1959 propagatam
1108 1877 1169 1941 lra-

59 1977 114 2043 het
137 1983 285 2057 correpta
304 1978 405 2041 vocali
424 1985 457 2042 ut
478 1979 636 2059 βασκανίαν
655 1971 810 2060 βάσκανος
830 1993 858 2041 v.
881 1977 913 2041 C.
934 1978 956 2041 l.
980 1984 1010 2053 §-
1029 1978 1055 2042 1.
1077 1976 1167 2040 otilo-

61 2074 143 2160 or'aup
164 2093 327 2158 perperam
348 2077 379 2140 iu
391 2077 507 2141 Lerina
527 2077 656 2142 relatum
675 2093 747 2140 esse
764 2077 913 2141 Sinuerus
933 2075 966 2138 in
986 2075 1076 2139 Tlos.
1096 2078 1167 2139 nui-

61 2174 242 2254 madvertit3
267 2171 458 2259 κλεπτοσύνῃ
486 2192 548 2239 non
576 2193 595 2240 a
621 2169 738 2238 κλέπτα
768 2173 935 2236 derivatum
964 2191 1036 2238 esse
1064 2172 1120 2238 sed
1148 2192 1166 2237 a

61 2269 190 2356 κλέπτης
225 2273 379 2355 colligitur
411 2293 450 2340 ex
477 2275 627 2339 similibus
659 2269 870 2356 δρηστοσύνῃ,
904 2267 1088 2354 ἐπαινοσύνῃ
1116 2290 1166 2354 ap.

64 2373 298 2440 Grammatioum
318 2374 349 2436 iu
369 2374 541 2439 Eudlioher.
562 2372 662 2438 Auall.
678 2391 707 2454 p.
725 2372 792 2438 107.
815 2379 846 2437 et
866 2366 1053 2453 πυκτοσὺνῃ.
1080 2371 1164 2452 Ergo

64 2477 153 2538 etiam
168 2469 358 2556 σκτκτοσώκῃ
373 2474 508 2540 Timonis
523 2472 636 2538 Phlius.
651 2489 671 2536 a
685 2464 813 2553 σκέκτῃς
833 2469 1033 2551 repetendum
1053 2487 1164 2550 qnam-

63 2573 110 2636 uis
129 2572 295 2654 inusitato,
322 2588 422 2653 neque
442 2568 639 2654 βασκοσύνῃ,
664 2588 724 2652 quo
746 2571 845 2635 Poeta
866 2568 904 2634 de
925 2570 1029 2633 herbis
1059 2569 1163 2651 utitur,

64 2669 154 2734 habet
174 2686 237 2751 quo
257 2670 408 2734 referatur
428 2671 494 2734 siva
515 2671 641 2734 verbum
669 2671 735 2734 sive
755 2685 868 2732 nomeu
888 2673 1012 2753 praeter
1032 2672 1163 2729 coutro-

66 2785 184 2834 versum
205 2767 280 2831 illud
299 2768 444 2848 llespohii
466 2764 575 2832 Βάσκα
593 2761 707 2850 μακὲλῃ
728 2767 889 2849 βασκανία.
925 2765 986 2832 Sed
1008 2771 1080 2829 sunt
1101 2765 1163 2828 alia

67 2867 276 2932 auomiuibus
297 2867 412 2946 primae
441 2866 656 2932 declinationis
683 2867 835 2929 femininis
865 2864 972 2947 ducta,
998 2858 1162 2946 θῃροσύνῃ

68 2968 192 3049 Oppiam
214 2959 381 3048 τεῃνοσύνῃ
406 2965 533 3032 Leonid.
555 2967 630 3030 lar:
666 2966 777 3028 Varum
805 2963 898 3028 redeo
927 2963 966 3028 ad
994 2964 1161 3045 adjectiva;

67 3083 190 3148 quorum
211 3081 274 3128 uon
296 3080 396 3144 pauca
416 3081 435 3128 a
456 3065 630 3128 nominibus
652 3063 807 3128 secundae
829 3063 1043 3127 declinationis
1062 3067 1162 3124 ortum

67 3166 189 3230 habeut:
204 3157 410 3240 ,δουλόσυνος
433 3151 640 3244 ἓταιρόσννος,
663 3156 864 3244 κονρόσυνος,
887 3160 942 3225 sed
964 3161 1087 3242 pluma
1105 3159 1162 3221 tri-

68 3264 177 3328 toclitis
203 3257 394 3344 ῃεντόσυνος,
427 3255 653 3344 αι’νφρόσννος,1
681 3256 930 3344 φιλοφρόσυνος,
958 3253 1161 3342 μαντόσυνος,

66 3357 260 3445 ταρβόσνκος,
281 3356 460 3444 γηθόσυνος
481 3367 512 3425 et
532 3356 715 3443 κηδόσυνος,
737 3378 816 3442 quae
830 3378 848 3424 a
862 3360 1036 3424 nominibus
1057 3359 1160 3438 potius

67 3478 151 3542 quam
172 3479 193 3524 u
212 3462 315 3525 verbis
338 3454 458 3543 (νήσω,
488 3455 587 3542 κη’δω)
616 3476 775 3543 manasse,
803 3476 841 3523 ex
862 3459 1016 3541 appositis
1037 3457 1162 3537 perspi-

68 3561 147 3624 citur,
180 3560 342 3624 Postremo
363 3554 559 3642 ῃαρμόσονος
579 3576 597 3622 a
615 3554 717 3640 χάρμα
740 3558 789 3620 vel
808 3552 908 3639 χάρμη
928 3557 1035 3618 loono.
1051 3553 1161 3616 Zonar.

68 3659 342 3724 antetulerit.
370 3659 521 3742 Exposita
542 3657 649 3720 horum
672 3656 893 3738 adjectivorum
915 3655 1031 3734 origine
1054 3656 1161 3733 sequi-

129 3899 155 3967 1)
171 3898 245 3953 Paul.
271 3898 338 3967 Aeg.
356 3898 377 3952 l.
397 3913 420 3952 o.
441 3899 484 3955 27.
510 3896 621 3966 Niceph.
649 3896 729 3963 Greg.
754 3895 820 3949 illst.
838 3893 907 3948 vill.
929 3893 970 3960 11,
988 3891 1030 3947 21.
1050 3890 1082 3945 Α.
1101 3890 1159 3945 Αν-

72 3981 142 4040 dreae
166 3981 210 4038 0r.
235 3983 262 4034 iu
286 3982 371 4037 Natio.
396 3981 495 4038 Mariae
517 3997 543 4050 p.
573 3982 629 4042 102.
655 3980 683 4036 Τ.
702 3979 758 4036 llll.
785 3978 850 4033 oroi.
875 3975 941 4032 Gall.
967 3974 1160 4042 01ηιορ1οσ.11

42 4107 60 4136 ,,
72 4065 160 4122 Ρνίιον.
177 4080 203 4134 p.
222 4064 284 4123 254.
303 4063 344 4119 ed.
365 4063 455 4119 stallb.
