2770 4992
248 267 301 332 DE
323 266 417 331 rtur.
441 261 598 333 nunaut.
621 265 773 332 causis
809 267 842 333 G.
863 268 911 333 ill.
940 276 970 344 ς,
985 269 1013 334 5.
1138 270 1185 340 θ

71 421 209 500 rittirnnnn
231 433 379 496 feminina
401 433 559 512 positione
580 441 696 496 annona
716 432 931 513 significatio
958 434 1044 515 quod
1061 435 1184 503 noua

70 535 136 612 lius
159 533 295 614 apponit
318 526 486 608 Φιλόξενος
504 524 525 613 ἡ
543 530 755 613 amunte,
775 532 898 612 aliaque
909 534 1045 596 uirorum
1061 547 1183 612 cogno·

69 633 148 696 urina
168 629 293 694 ludicra
314 630 484 712 Χαιρεφῶν
503 623 523 714 ἡ
544 632 698 711 warois,
728 627 905 714 Γλαυκέτης
925 625 946 714 ἡ
966 630 1083 712 ψῆττα,
1112 622 1183 696 Ed·-

68 723 344 814 ρυμεᾶοπιῶδηςὴ
355 725 601 812 ποντοχάρυβόις
614 729 685 794 Ati.
699 729 761 796 XV.
774 728 891 796 69811.
906 730 1079 796 Demetrius
1098 729 1182 795 Plan-

67 830 170 896 lerous
194 824 351 909 Λαμπετώ
378 829 419 892 al>
447 829 545 894 arnico
566 847 594 892 v.
616 829 729 892 Merrrs.
752 827 1180 908 adHesrnlr.lliles.p.1t.

69 928 113 993 ed
136 929 235 994 orell.
256 929 404 994 Mnaseas
424 921 538 1010 maa
560 945 580 992 a
600 928 739 1008 piscant
759 926 881 1012 quidaru
898 927 1020 992 tradunt
1035 945 1062 992 u.
1076 927 1180 993 Ebura

3 1043 4 1122 j
67 1023 201 1092 dissert.
225 1027 319 1094 Sicut.
341 1026 411 1093 210.
432 1035 571 1092 votorum
591 1033 737 1108 potorum
756 1027 868 1107 aliquis
888 1020 973 1109 χώνη
994 1024 1044 1090 uel
1064 1018 1181 1108 annuitur

3 1139 4 1192 1
67 1145 93 1188 v.
115 1125 247 1193 Preller.
273 1123 316 1190 nd
341 1125 456 1193 Polaur.
481 1125 549 1192 125.
558 1127 587 1166 ²²
614 1125 745 1206 imque
774 1124 917 1190 timaeus
943 1119 1179 1206 eaocvocatoda

3 1215 4 1272 l
65 1218 328 1306 mosonium
348 1224 433 1290 Suid
475 1223 538 1292 Sed
559 1219 707 1289 litam
735 1230 766 1288 ot
786 1219 935 1306 Mdodda
958 1241 1027 1288 non
1054 1217 1179 1307 &ohad

65 1317 218 1409 ἐπςὸνυμα,
237 1339 311 1388 esso
332 1321 474 1390 videnlur
495 1328 528 1386 ut
545 1322 739 1394 Herodianus
760 1322 834 1388 dicit
856 1322 954 1387 Grani.
968 1323 1017 1388 lv.
1029 1323 1099 1390 334.
1121 1323 1178 1400 sed

3 1477 4 1506 ,
65 1423 197 1488 alterius
219 1439 315 1498 senus
333 1421 385 1486 uel
402 1422 528 1486 nomino
549 1420 599 1486 uel
620 1422 805 1502 cognomina
826 1421 945 1488 enodes
968 1425 1129 1488 terminata
1144 1429 1177 1490 ot

3 1917 5 1986 l

63 1516 183 1586 ἱππότα
209 1527 244 1586 et
270 1520 360 1602 talin,
393 1537 472 1602 quae
492 1518 673 1592 Eudaemon
693 1519 741 1584 lais
764 1522 884 1586 eonon
906 1538 954 1601 ap.
975 1520 1062 1586 Eust.
1086 1519 1175 1604 lesu,

65 1621 113 1686 27.
135 1619 213 1685 illud
235 1619 331 1698 illarii
353 1618 513 1700 cujusdam
534 1635 649 1686 nonen
669 1619 835 1702 Κοπαίνης
854 1620 1073 1700 interpretans.
1107 1617 1176 1684 lle·

64 1733 142 1802 quo·
155 1719 227 1802 plus
247 1735 372 1783 musae·
386 1718 517 1785 Varroni
535 1718 598 1786 luit
625 1734 680 1784 our
706 1717 743 1782 X.
767 1718 834 1785 loo.
855 1719 1017 1799 Perpenna
1039 1723 1071 1780 ot
1093 1718 1175 1784 Cae·

65 1821 137 1884 cina
156 1815 440 1899 iguranrollenria
453 1834 527 1882 asso
541 1816 676 1898 diceret,
704 1834 776 1884 nnn
790 1817 873 1897 quod
890 1818 1174 1882 llonranorurnno-

64 1920 149 1982 nrina
170 1917 325 1984 sicliuita
344 1915 494 1996 pleraque
515 1916 660 1983 feminina
681 1922 754 1980 sunt
780 1933 844 1980 non
864 1913 991 1996 impedit
1009 1915 1173 1995 quominus

63 2018 144 2086 trane
167 2015 414 2096 terminationem
433 2015 635 2080 masculinnm
655 2032 728 2083 esse
751 2020 895 2095 paternus
917 2018 978 2078 turu
1000 2013 1032 2076 in
1050 2013 1174 2086 lusen-

63 2133 136 2182 rum¹
151 2116 271 2197 lingua,
286 2118 391 2194 ,eujus
417 2118 491 2178 sunt
517 2113 677 2197 Enganna,
705 2114 882 2195 Porsenna,
912 2112 1063 2191 Sisenna,
1093 2111 1173 2176 Tar·-

64 2231 188 2298 quanna
209 2213 296 2280 tarr.
316 2215 351 2297 lt
371 2214 406 2279 n
427 2213 448 2278 Ι.
470 2213 500 2296 2,
519 2212 569 2278 27.
590 2212 743 2296 Vibenna,
772 2212 942 2293 Spurinna,
966 2217 1027 2274 turn
1049 2211 1081 2273 in
1095 2209 1172 2274 aliis

64 2315 214 2380 ltalornna
242 2311 400 2395 dialectis,
434 2309 515 2377 undo
543 2311 680 2376 tortasse
707 2311 762 2377 illa
789 2318 861 2376 sunt
888 2325 1019 2391 quorum
1045 2314 1172 2388 etymon

64 2431 128 2478 non
148 2418 282 2494 apparet
301 2412 413 2494 Laeca,
443 2410 604 2494 Mamurra,
626 2411 739 2494 Sanga,
762 2412 883 2492 Santra,
906 2409 1053 2491 Saserna,
1078 2408 1171 2489 Sera,

66 2513 184 2594 Tarpa,
215 2510 348 2590 Thalam
363 2565 366 2573 .
384 2526 443 2576 neo
464 2508 576 2574 desunt
597 2527 677 2592 qnae
698 2527 718 2576 a
739 2509 866 2575 Graecis
887 2512 989 2572 sumta
1009 2506 1171 2572 videantur

65 2612 170 2675 Nacca
196 2609 266 2674 sivo
295 2608 395 2673 Nacta
422 2622 442 2672 a
467 2603 598 2698 odonna,
630 2609 706 2672 Atta
731 2610 798 2672 sivo
823 2608 944 2689 Appius
974 2606 1013 2671 ab
1042 2601 1118 2670 dara
1139 2612 1170 2670 et

3 2763 4 2776 .
66 2706 151 2773 dano
172 2709 279 2790 potins
301 2723 393 2788 quana
412 2700 498 2790 παρὰ
518 2702 555 2770 τὸ
575 2703 722 2794 nesrac
743 2708 849 2772 Lamia
870 2707 1025 2788 astantes
1039 2706 1082 2786 (u.
1095 2706 1171 2769 Dis-

3 2803 4 2892 ]
67 2805 240 2888 serttllll.)
262 2811 296 2868 ut
318 2805 444 2869 Glaucia
465 2811 597 2886 atquae
618 2823 637 2870 a
658 2806 761 2870 latinis
780 2805 935 2870 secundae
954 2804 1170 2884 declinationis

69 2906 220 2970 declinata
242 2901 302 2968 dici
324 2904 447 2984 possint
459 2904 568 2968 Furius
582 2905 681 2988 Furia,
705 2903 828 2985 quoda
850 2905 926 2969 deae
947 2905 1075 2968 nornine
1091 2920 1170 2985 pro-

67 3006 153 3070 sodia
176 3003 354 3068 distinctum
376 3009 440 3086 ost,
467 3003 592 3068 Bestius
612 3005 731 3084 Bestia,
760 3003 938 3068 Caracallus
961 3001 1122 3068 Caracalla
1142 3020 1169 3066 v.

70 3103 237 3170 Tzselruclr.
260 3099 653 3182 annutrop.v11l20.²⁴
688 3101 797 3167 Graeci
825 3102 946 3186 quidem
970 3101 1041 3166 istis
1063 3099 1170 3163 terrui-

128 3357 175 3425 22]
202 3357 232 3410 L.
251 3355 343 3410 Varius
363 3354 463 3423 Cotyla,
480 3353 585 3408 Antonii
606 3358 756 3421 compotor,
775 3357 850 3421 cujus
869 3353 963 3408 Cicero
981 3352 1088 3419 saepius
1109 3364 1169 3404 rrrod

67 3445 150 3509 uiuit,
170 3437 343 3496 aPlutarclro
361 3437 489 3489 Κοτύλων
504 3443 621 3491 uocatur.
672 3452 674 3461 ¹
1095 3443 1097 3448 ·
1146 3431 1163 3448 ”

128 3527 176 3594 23)
199 3523 295 3580 Festus
316 3524 393 3580 ,rarle
415 3523 458 3590 qut
480 3523 605 3587 oltinyoot
622 3521 817 3586 monialmoni
835 3537 910 3590 quom
927 3521 1071 3584 ambulant,
1094 3515 1170 3585 παρὰ

69 3611 93 3664 nd
114 3609 212 3664 ἅπτειν
236 3605 399 3676 (ἅπτεσθαι)
425 3607 557 3672 cogitasse
580 3604 696 3671 videtur,
723 3618 774 3658 non
795 3603 871 3673 παρὰ
890 3603 920 3656 τὸ
938 3605 1029 3672 dotata
1048 3607 1076 3655 ut
1093 3600 1170 3656 Wei-

67 3696 167 3752 clnrtns
185 3691 241 3756 rull
256 3691 342 3752 Poett
360 3688 444 3744 Latin.
462 3687 530 3744 llell.
541 3688 603 3746 345·
623 3686 731 3750 lloodus
748 3686 1079 3750 sontilllrunrnnnusllist.
1091 3684 1170 3741 ¹llorn·

68 3779 92 3834 l.
111 3777 314 3929 1‘tiltssnldzotzes
331 3837 423 3924 sagum
446 3851 571 3921 κιιράδην
586 3851 640 3906 ἀπὸ
658 3850 790 3919 Καράδου
807 3855 912 3924 Πέρσου
930 3854 1089 3924 appellatum
1106 3849 1172 3904 dicit

70 3945 113 4000 sed
130 3942 281 4013 exploditur
299 3955 314 3996 a
331 3939 459 3994 Salmasio
480 3936 514 3992 ad
528 3937 635 4006 vopisc.
655 3934 745 3990 Aurei.
764 3951 788 3990 o.
803 3937 845 3994 td.
864 3953 890 4007 n.
908 3939 967 3995 544.
986 3937 1171 4000 fortuitosque

70 4029 164 4086 uidetur
181 4025 255 4096 qnod
275 4021 392 4096 σάραπις
411 4022 457 4078 dei
476 4035 571 4077 nornen
589 4024 630 4076 est
649 4024 676 4076 ct
692 4020 857 4090 vestimenti,
883 4021 932 4090 sed
955 4015 1170 4096 aotdoroaflor-

70 4119 134 4169 tasse
153 4127 169 4166 a
187 4109 324 4166 Galasiriis
337 4107 483 4180 appellatus
502 4111 543 4163 est
559 4105 601 4190 uel
620 4109 718 4160 contra.
846 4161 848 4168 ,
