2770 4992
218 279 267 350 86
568 275 891 344 ulssnltrhrto
922 276 960 342 th

219 446 371 526 integrum
391 431 431 509 ιῖι
450 447 483 510 in
495 461 596 528 ipsum
609 445 695 509 uerbi
709 445 849 508 omuibus
864 443 929 508 suis
943 443 1081 524 partibus
1096 446 1226 525 perlecti
1241 445 1322 509 sub-

221 547 368 610 stantiam
388 547 573 612 insiuuutum
593 561 676 624 esse,
698 543 730 608 id
751 543 828 608 adeo
849 545 914 608 reri
934 544 1032 607 simile
1052 560 1114 608 uou
1135 551 1239 609 estut
1263 544 1323 608 du·
1374 551 1375 622 j

221 641 315 708 bituri
336 651 481 725 oportent
501 659 542 707 cn
562 643 687 707 omniuo
708 660 813 708 rerum
833 644 960 708 nonsit.
992 643 1221 708 llonominibus
1236 651 1325 707 certe
1374 629 1375 638 '

223 758 304 824 quae
322 743 367 805 illi
388 743 535 825 oberunt,
560 736 729 824 κυδάλιμος
750 751 808 806 otc.
836 744 1048 807 controversie
1072 742 1155 805 nulla
1175 750 1226 807 est
1248 744 1325 824 quin
1374 763 1375 768 ¹

223 841 418 906 extrinsecus
446 841 599 904 creverint
624 843 705 904 sicut
732 842 794 904 ulis
819 857 975 923 purogogu
1005 848 1067 904 turn
1094 842 1183 921 hujus
1211 842 1325 905 literae

223 935 383 1018 ἀφαλέος,
403 934 576 1018 mucidus,
598 949 662 1003 tum
682 939 810 1002 alierum
829 936 1018 1018 ιεπακιιιός,
1040 934 1221 1020 ὁειιαιιερός,
1244 960 1326 1004 rosv·

222 1033 363 1118 ωανός,
383 1033 565 1121 wodemo,
587 1039 626 1104 de
646 1038 758 1120 quibus
777 1039 891 1121 scripsi
911 1038 951 1103 sd
970 1040 1018 1118 Δι’.
1032 1055 1061 1118 p.
1073 1038 1143 1103 403.
1167 1040 1215 1101 hc
1228 1055 1272 1102 ne
1287 1038 1326 1102 de

223 1135 329 1202 verbis
349 1137 470 1218 quidem
490 1139 697 1204 concedimus.
728 1137 806 1201 Nom
826 1144 860 1201 ut
873 1131 1040 1218 ἁμαιιζω,
1059 1137 1242 1217 apotolico,
1265 1135 1327 1220 ῥυ-

224 1236 355 1314 nugo,
384 1238 592 1322 προφαιίζω,
618 1237 783 1320 τροχαλιζω
804 1253 823 1300 u
843 1238 1016 1302 nominibus
1038 1237 1129 1300 ducta
1149 1242 1221 1300 sunt
1244 1253 1326 1316 quuo

224 1349 334 1399 omnes
347 1345 477 1421 norunt,
498 1339 546 1402 sic
561 1337 623 1402 illis
634 1337 739 1401 vorbis
755 1352 835 1418 quae
848 1336 908 1399 hoc
921 1335 1113 1400 fundamento
1127 1343 1243 1417 carent,
1267 1327 1327 1418 ὀρ-

224 1434 369 1514 τυλιζω,2
391 1437 573 1517 macomus,
593 1435 766 1513 πυκταλίζω
783 1435 959 1516 notitiaque
979 1433 1133 1511 καψαιλζω
1156 1440 1186 1497 el
1207 1431 1328 1516 ῥογχα-

224 1531 295 1611 ιλζω
314 1535 382 1599 siro
401 1533 586 1618 ρουιιύιζω,
608 1541 640 1600 ot
660 1535 854 1600 circumflexu
873 1528 1047 1616 conuiuio,
1073 1527 1212 1614 ἀριαιέω.
1230 1528 1327 1619 (Ἠρ-

223 1626 371 1697 ισλὲοντο
396 1628 565 1714 buitim
590 1635 677 1716 lies.)
712 1635 836 1698 noruinu
869 1635 1006 1699 substrui
1038 1639 1171 1714 possunt
1199 1634 1328 1718 oblivis,

228 1731 468 1798 obliteratuuul
489 1736 581 1799 etium
602 1735 739 1814 cogitatu
758 1735 856 1814 magis
876 1749 966 1814 quum
988 1749 1047 1795 usu
1060 1739 1224 1813 poreeplu;
1254 1751 1327 1797 num

228 1829 339 1897 Graeci
358 1835 391 1897 in
412 1833 586 1900 derivandis
606 1832 767 1896 vocubudis
787 1847 851 1895 non
871 1848 993 1913 semper
1014 1831 1053 1895 ud
1069 1830 1099 1895 id
1112 1829 1194 1912 quod
1211 1830 1328 1895 dictum

227 1937 275 1996 ost
297 1931 355 1998 scd
375 1932 414 1998 ud
435 1932 467 1998 id
487 1932 572 2015 quod
591 1931 652 1996 dici
672 1932 773 2013 potuit
794 1932 924 1994 animum
944 1930 1084 2012 dirigunt.
1123 1930 1328 2014 hcnonrinis,

227 2030 308 2096 undo
321 2031 475 2114 διιμιιιιζιιι
488 2031 619 2114 pendet,
637 2031 814 2094 memorium
828 2047 906 2094 uuus
919 2030 1054 2094 servarit
1068 2028 1239 2108 Hesychius
1253 2027 1328 2094 Aoi-

225 2132 323 2211 μαλος
342 2132 410 2196 sire
430 2126 568 2213 δαμάλης
587 2123 771 2212 coaptem,
793 2129 979 2209 saepiusque
998 2127 1112 2208 liquida
1133 2135 1185 2190 out
1204 2128 1236 2192 iu
1259 2131 1329 2209 pri-

227 2231 333 2294 mitirc
355 2231 524 2312 anticipato
544 2237 607 2294 est:
637 2223 759 2311 dodilo
778 2263 819 2274 —
838 2227 999 2310 βρυαιιζω,
1019 2220 1186 2307 crepidi-to
1200 2261 1242 2272 -—
1254 2228 1330 2292 dca-

226 2330 452 2412 σιομαιιζομιιι,
467 2337 521 2392 aut
532 2330 564 2393 in
577 2329 710 2392 confinio
725 2328 817 2392 lutet:
837 2321 983 2410 ἁρμυλόω
996 2359 1036 2371 -
1051 2317 1190 2406 ἅρμαλιᾶ,
1209 2345 1329 2409 coppo-

227 2427 298 2504 ilco
326 2423 410 2507 (ἀπὸ
437 2428 495 2492 τοῦ
523 2423 601 2510 ἤχου
625 2427 690 2490 τῶν
716 2423 856 2508 κόγχων)
885 2461 920 2474 -
950 2419 1084 2506 κοηύλη
1112 2430 1143 2488 ct
1169 2421 1328 2490 κοκάλιοιι.

226 2523 387 2591 Difficilior
407 2535 456 2591 est
477 2525 623 2591 suodutio
645 2527 735 2590 trium
755 2526 919 2590 uerborum
933 2541 1011 2606 quoe
1028 2523 1329 2607 Eustuthiusaifer13

227 2638 287 2686 nec
301 2621 494 2704 desperanda
506 2633 615 2692 umen.
658 2626 712 2690 Sic
725 2627 804 2690 onim
818 2631 932 2706 statuo,
952 2617 1097 2705 paldone
1110 2640 1174 2686 nou
1185 2641 1204 2686 u
1215 2620 1328 2705 μάσσω

226 2721 400 2801 proiectum
422 2741 494 2788 osse
516 2724 573 2788 sod
594 2732 754 2806 utrumque
776 2717 894 2804 apso,
915 2721 998 2803 quod
1019 2721 1145 2786 eundem
1166 2721 1329 2807 depsondi,

228 2819 390 2900 subigendi
410 2829 441 2887 ot
461 2823 617 2888 molliendi
629 2824 882 2904 significationem
900 2821 1047 2886 hahuisse
1065 2827 1195 2902 apparot
1209 2838 1249 2884 ex
1262 2823 1329 2887 He-

229 2918 328 2996 sychii
355 2920 463 3000 glossu
487 2919 620 2986 Molooac
644 2923 799 3004 φυρᾶσαι,
831 2917 939 3002 spolio
960 2929 1060 3003 corte,
1085 2936 1149 2984 non
1169 2937 1189 2983 u
1208 2915 1328 3001 μάσσω.

227 3015 306 3080 ilinc
325 3017 418 3098 igitur
437 3016 546 3102 peloso
567 3022 667 3085 extitit
687 3029 721 3085 ut
741 3022 780 3085 ub
801 3022 985 3099 homonyme
1006 3015 1076 3102 prio
1091 3013 1237 3102 (μιψάω)
1253 3043 1329 3102 μαι-

228 3110 337 3196 pricos)
352 3124 383 3182 el
396 3135 414 3181 u
426 3115 517 3182 clio
529 3117 667 3198 θλάσσω,
683 3115 768 3200 δράω
781 3115 906 3200 ὅράσσω
923 3113 1083 3202 (doricum),
1093 3113 1180 3199 τμάω
1192 3114 1328 3201 τμήσσω.

229 3211 368 3290 Quodsi
390 3220 543 3284 sermonis
565 3219 725 3284 architecti
746 3214 847 3301 ιιμάω
864 3219 993 3300 primum
1004 3213 1118 3300 μάλιω,
1141 3215 1252 3282 dehinc
1264 3242 1330 3301 μα-

229 3308 334 3378 blicoru
354 3325 592 3401 propagassenl,
616 3319 664 3382 sic
681 3325 715 3382 ut
734 3315 836 3394 addo
849 3313 1010 3392 -ψάιιω
1022 3310 1228 3395 -ιισλᾶσσω,
1250 3336 1329 3383 suus

229 3414 342 3494 cuique
355 3420 515 3480 constaret
536 3415 630 3497 ordc;
653 3416 709 3480 sed
729 3417 773 3480 illi
791 3417 972 3498 interrupto,
993 3422 1028 3480 ul
1048 3432 1144 3497 suepe
1163 3415 1206 3498 lit,
1226 3432 1330 3482 rerum

297 3615 327 3681 2)
347 3615 411 3669 'stul
429 3617 476 3668 τοῦ
493 3617 548 3686 ipro
569 3617 647 3687 ὄρτός
663 3621 711 3672 καὶ
729 3618 894 3687 πλεονασμῷ
912 3617 1039 3688 &prodicos
1057 3616 1145 3670 Schul.
1161 3615 1240 3672 Arist.
1259 3619 1327 3689 qu.

231 3699 305 3756 1555.
323 3699 453 3754 Hortensii
473 3714 618 3768 cognomen
634 3701 737 3757 Ortulus
754 3703 939 3758 Valckenarius
961 3703 988 3754 iu
1006 3700 1107 3754 Gallim.
1131 3715 1158 3768 p.
1179 3701 1222 3758 tio.
1246 3717 1330 3770 grae.

231 3795 290 3836 cun
308 3795 369 3837 esse
386 3787 459 3852 putot
474 3788 504 3836 ιιι
522 3782 642 3853 optabis,
661 3785 812 3856 όρτάιιχις.
846 3787 910 3840 htihi
932 3785 1030 3840 rectius
1048 3782 1168 3836 homulus
1184 3784 1264 3838 scribi
1282 3789 1329 3839 ri-

232 3865 308 3921 detur
333 3871 361 3920 ut
377 3865 525 3920 Fundanius
549 3866 695 3936 Fundulus,
714 3869 805 3923 Furius
819 3869 937 3938 (Fusius)
960 3867 1045 3922 Fusus
1067 3881 1093 3919 r.
1111 3865 1201 3932 Sigon.
1225 3869 1259 3922 ud
1272 3869 1329 3924 biv.

230 3947 338 4002 lllilllll.
357 3952 382 4016 7,
401 3952 441 4006 10.
466 3947 569 4004 llercus
592 3950 747 4018 Marcellus,
770 3952 841 4006 Titus
865 3953 968 4020 Tutius,
992 3951 1088 4019 hisque
1110 3951 1207 4005 similia
1232 3953 1330 4008 llostus

229 4030 370 4099 Hostilius,
387 4033 478 4088 Vibius
494 4033 632 4101 vibianus,
653 4033 777 4091 Claudius
794 4035 967 4102 Claudianus,
984 4033 1077 4091 helius
1094 4031 1235 4102 nolimus,
1252 4034 1331 4094 heliu

227 4112 319 4170 Aelius
335 4121 386 4173 etc.
