2746 4990
218 253 291 324 280
573 249 895 320 hisshhrxiio
929 251 979 319 vi.

217 421 298 486 hare
319 417 558 501 disputationem
580 419 771 484 adoetrinae
783 419 1002 499 grammaticae
1016 422 1186 500 majestate
1198 417 1319 482 alienam

215 519 351 602 iudicat,
376 518 404 582 is
432 533 541 599 pamm
567 523 690 599 reputat
719 517 952 582 Grammaticam
989 535 1054 582 non
1083 525 1232 582 constare
1259 519 1320 581 sine

219 616 417 699 etymologia,
437 616 517 680 hanc
537 623 639 680 autem
661 616 844 682 simillimam
865 635 938 682 esso
959 617 1023 681 ludi
1043 617 1131 681 illius
1159 618 1210 699 qui
1237 615 1320 681 simul

219 735 297 785 casu
317 715 408 782 simul
428 723 495 779 arte
516 715 641 797 regitur,
663 721 694 778 ot
714 716 746 779 in
767 716 825 780 hao
846 717 915 798 ipsa
936 718 1126 798 quaestione
1140 715 1248 780 evitari
1263 729 1320 778 non

219 835 317 900 posse
346 816 419 896 quin
448 817 645 894 conjecturas
672 815 704 878 in
734 814 865 878 medium
888 817 1043 896 jaciamus
1072 823 1221 897 tanquam
1246 813 1320 878 talos

220 925 275 982 aut
307 923 455 981 tesseras.
514 911 576 978 Sed
612 911 706 978 redeo
735 913 774 977 ad
803 921 915 979 cetera.
967 915 1001 980 Si
1030 932 1140 980 rernm
1167 910 1320 994 estquod

221 1015 416 1082 Grammatiei
437 1010 561 1075 tradunt
582 1017 616 1074 ut
636 1011 729 1077 lones
750 1029 807 1093 pro
834 1007 984 1094 κότταβος
1009 1015 1159 1096 praecisa
1187 1025 1320 1077 consona

219 1115 352 1180 dixerint
372 1108 509 1193 intellec,
530 1117 773 1176 connexionum
794 1110 914 1176 ridetm
934 1117 968 1174 nt
989 1113 1083 1174 etiam
1105 1112 1239 1174 vicinum
1260 1105 1321 1172 ico

219 1217 275 1298 βος
292 1214 362 1277 hoie
384 1210 516 1276 familiae
537 1209 759 1272 vocabulorum
774 1211 969 1290 lragosorum
984 1209 1192 1274 adscribatur.
1214 1209 1321 1274 Proxi-

218 1329 300 1378 mum
329 1309 400 1374 inde
420 1310 523 1372 laeum
545 1307 672 1388 assigno
695 1309 804 1373 avihus
826 1326 845 1373 a
865 1311 954 1373 rucis
975 1311 1171 1390 proprietate
1185 1310 1320 1374 denomi-

219 1413 302 1476 natis
328 1415 363 1472 ut
389 1425 409 1472 a
434 1409 526 1472 κικκα
551 1407 666 1489 gallina
699 1407 858 1492 perdices,
892 1425 972 1490 quae
1002 1413 1074 1471 sunt
1104 1425 1122 1473 e
1151 1409 1318 1490 gallinaceo

219 1525 349 1592 genere,
375 1502 529 1590 κακκάβαι
555 1515 719 1590 vocantur,
747 1507 827 1572 unde
847 1507 973 1572 rerhnm
993 1508 1189 1589 κακκαβιξεια
1207 1515 1237 1572 et
1259 1509 1320 1590 pri·

219 1609 325 1673 mitiro
345 1609 475 1688 propius
496 1601 665 1686 κακκαζεια,
688 1607 800 1688 quihus
822 1605 933 1670 similia
953 1608 1108 1689 κικκαβαῦ
1130 1615 1162 1671 et
1182 1601 1319 1690 κακαβά·

219 1710 288 1786 ζειν.
337 1705 446 1772 Pollux
478 1712 587 1770 auctor
616 1712 665 1770 est
692 1707 794 1780 κιπας
820 1705 1013 1786 accepitne,
1051 1707 1101 1770 eui
1133 1707 1318 1770 conveniens

218 1823 331 1872 nomeu
353 1813 405 1870 aut
426 1803 540 1867 nulium
562 1805 614 1868 luit
638 1821 771 1888 unquam
785 1811 839 1868 aut
856 1821 933 1867 casu
943 1802 1107 1870 intercidit.
1150 1805 1318 1886 Hesychius

221 1904 366 1988 Γάραβος
384 1897 553 1984 ὀιοιυγαια,
574 1903 742 1983 porratam
762 1902 935 1983 signilioaro
963 1901 1103 1983 ridetm3
1131 1921 1203 1968 narn
1230 1919 1320 1968 ranae

218 2007 369 2088 patriani
396 2003 525 2068 hlartial.
553 2003 601 2067 ιιι.
628 2001 702 2068 93.2
742 2003 770 2065 h
800 2000 962 2065 vocalibus
996 2007 1122 2066 transeo
1159 2003 1199 2067 ad
1232 2011 1319 2067 muta.

221 2107 316 2172 Tauri
352 2106 511 2166 oocaatar
541 2101 714 2166 scarabaei
744 2105 914 2165 terrestres
941 2137 982 2144 -
1008 2117 1126 2166 nemea
1161 2103 1317 2166 cornicula

220 2205 336 2270 dedere
356 2201 432 2266 Plin.
453 2199 543 2265 iiix.
566 2199 613 2282 (5)
637 2200 684 2265 12.
717 2206 747 2264 et
777 2199 1016 2264 scarabaeorum
1043 2201 1185 2281 ipsomm
1213 2217 1317 2266 nomen

218 2318 363 2387 graecum
386 2306 434 2364 est
455 2295 587 2382 κάραβοι
608 2301 674 2364 sive
694 2295 842 2381 κέραμβοι
863 2315 882 2362 a
901 2295 1007 2380 κέρας,
1036 2300 1086 2364 vel
1117 2305 1152 2363 ut
1172 2299 1317 2363 Arcadius

220 2424 250 2488 p.
271 2405 320 2470 87.
342 2395 428 2482 καρὰ
447 2395 483 2462 τὸ
503 2392 593 2481 κάρη,
616 2398 697 2463 unde
719 2401 810 2463 etiarn
830 2399 919 2480 καρίς
930 2405 1093 2463 arcessunt
1105 2399 1172 2465 ΕΜ.
1188 2399 1258 2477 llll,
1272 2399 1316 2463 ti.
1358 2418 1359 2444 ι

219 2520 279 2568 nee
299 2502 404 2584 refert,
424 2515 494 2562 nam
515 2493 606 2577 κέρας
627 2506 658 2562 et
678 2493 760 2578 κάρα
779 2498 883 2561 multis
905 2500 984 2561 inter
1006 2515 1041 2561 se
1062 2499 1238 2564 rationibus
1262 2501 1317 2562 im-

220 2603 334 2686 plicata
355 2604 436 2664 sunt.
477 2600 505 2662 Δ
526 2596 637 2680 plurali
658 2594 697 2659 τὰ
717 2597 797 2660 irrita
809 2594 956 2678 κύιλαβοι
976 2590 1104 2661 ὑπώπια
1123 2597 1198 2664 Hes
1220 2593 1317 2662 ικάν-

219 2723 259 2784 αη
278 2693 419 2780 καννᾰβη
441 2697 507 2760 siro
527 2692 656 2777 κανάβη,
680 2695 763 2776 quod
783 2695 864 2777 apud
892 2697 1007 2761 Suidan
1035 2695 1148 2776 legitur
1179 2698 1246 2762 sino
1270 2699 1317 2760 in·

219 2799 443 2880 terpretatione
464 2794 521 2860 sed
541 2795 618 2858 nihil
637 2793 719 2857 aliud
740 2811 813 2860 esse
835 2801 941 2878 potest
968 2809 1058 2875 ιιιιι
1087 2797 1237 2861 cannata
1270 2805 1316 2859 tu-

219 2899 355 2980 gurium3
376 2891 533 2976 κάκκαβος
564 2892 743 2974 proplasma
764 2895 825 2957 hoe
853 2900 901 2958 est
928 2895 1030 2974 imago
1059 2899 1206 2960 extremis
1232 2895 1315 2959 lineis

220 2997 416 3079 adumbrata,
451 2993 653 3074 hominesque
681 2993 836 3057 macilenti
870 2999 901 3056 et
929 2993 1166 3076 monogrammi,
1195 3009 1315 3076 quorum

219 3093 310 3180 σκέλη
333 3091 487 3177 καλάμινα
513 3093 589 3156 Piae.
618 3089 703 3156 Com.
733 3092 765 3156 T.
794 3093 829 3157 ll.
859 3089 928 3156 679.
956 3098 987 3156 et
1014 3093 1104 3172 σῶμα
1132 3088 1315 3174 καννάβινον

217 3195 309 3260 ιιιιι.
331 3195 379 3258 Xl.
417 3193 485 3259 107.
513 3191 573 3272 ipsi
600 3185 752 3272 adnectier
778 3194 929 3253 uocantur
961 3196 992 3254 ei
1019 3186 1186 3255 κοιόκανοι
1212 3191 1259 3256 rel
1285 3197 1313 3253 ut

218 3293 389 3360 llelnehius
411 3297 518 3355 censet
540 3307 570 3372 p.
593 3288 663 3356 789.
684 3284 933 3371 αοιοιαιαναβοι3
955 3295 986 3352 et
1018 3287 1057 3353 ah
1087 3291 1194 3356 eadem
1221 3297 1314 3356 meta-

218 3393 317 3475 phora
337 3390 446 3472 αχιζιαι
466 3389 650 3455 schidiarnm
678 3387 804 3453 similes.
831 3388 990 3471 Κικκαβος
1018 3395 1049 3452 et
1074 3390 1185 3464 ψωθία
1212 3407 1314 3454 numu-

218 3566 514 3586 ,μ--ι--ι-ι-

283 3675 313 3742 2)
332 3669 523 3738 lexicographi
542 3670 622 3723 nostri
640 3667 673 3722 al
692 3667 796 3739 ἄραβος
812 3667 943 3736 reiemot‚
970 3671 1013 3722 cui
1032 3669 1164 3737 digamma
1180 3667 1311 3739 praefixam

217 3773 313 3907 meh)
331 3839 380 3894 l’ro
398 3834 568 3906 κιννάβεαμα
586 3833 752 3903 Aristophani
771 3832 949 3902 καναιβιαμα
969 3835 1160 3892 restituendam
1186 3849 1244 3892 esso
1262 3835 1309 3900 jam

218 3922 314 3975 ιιιιιιιιι
344 3920 522 3976 Schneiderus
550 3918 731 3972 animadvertit
765 3918 797 3970 ad
830 3918 908 3972 Arist.
936 3918 963 3971 Τ.
989 3919 1036 3973 ιιι.
1064 3920 1122 4000 ι38.
1148 3920 1309 3986 neglectusa

217 4003 330 4071 lierglio
354 4021 380 4072 p.
405 4004 479 4060 1201.
505 4001 635 4068 Syllabarn
660 4002 768 4076 primam
794 4001 895 4068 longam
925 4015 985 4056 esse
1011 4009 1113 4057 constat
1135 4004 1183 4060 sed
1207 4011 1308 4057 consona

216 4091 298 4138 utrum
318 4088 428 4152 simplex
450 4100 481 4138 an
501 4085 630 4152 genuinam
649 4087 690 4148 sit,
708 4097 759 4136 non
778 4085 822 4138 ita.
