<?xml version="1.0" encoding="UTF-8"?>
<!DOCTYPE html PUBLIC "-//W3C//DTD XHTML 1.0 Transitional//EN"
    "http://www.w3.org/TR/xhtml1/DTD/xhtml1-transitional.dtd">
<html xmlns="http://www.w3.org/1999/xhtml" xml:lang="en" lang="en">
 <head>
  <title>
</title>
<meta http-equiv="Content-Type" content="text/html;charset=utf-8" />
  <meta name='ocr-system' content='tesseract 3.04.00' />
  <meta name='ocr-capabilities' content='ocr_page ocr_carea ocr_par ocr_line ocrx_word'/>
</head>
<body>
  <div class='ocr_page' id='page_1' title='image "./pathologiaeserm01lobegoog_0435.png"; bbox 0 0 2762 4992; ppageno 0'>
   <div class='ocr_carea' id='block_1_1' title="bbox 229 260 983 334">
    <p class='ocr_par' dir='ltr' id='par_1_1' title="bbox 229 260 983 334">
     <span class='ocr_line' id='line_1_1' title="bbox 229 260 983 334; baseline -0.005 0"><span class='ocrx_word' id='word_1_1' title='bbox 229 265 302 334; x_wconf 73' lang='lat'><strong>¹12⁰</strong></span> <span class='ocrx_word' id='word_1_2' title='bbox 582 260 906 330; x_wconf 79' lang='lat' dir='ltr'><strong>nissnnnnnln</strong></span> <span class='ocrx_word' id='word_1_3' title='bbox 933 261 983 330; x_wconf 75' lang='lat' dir='ltr'><strong>ni.</strong></span> 
     </span>
    </p>
   </div>
   <div class='ocr_carea' id='block_1_2' title="bbox 181 425 1363 3875">
    <p class='ocr_par' dir='ltr' id='par_1_2' title="bbox 181 425 1363 3875">
     <span class='ocr_line' id='line_1_2' title="bbox 229 425 1332 512; baseline -0.008 -14"><span class='ocrx_word' id='word_1_4' title='bbox 229 427 385 500; x_wconf 77' lang='lat' dir='ltr'><strong>consentit</strong></span> <span class='ocrx_word' id='word_1_5' title='bbox 404 425 471 492; x_wconf 81' lang='lat' dir='ltr'><strong>nn.</strong></span> <span class='ocrx_word' id='word_1_6' title='bbox 493 426 564 511; x_wconf 78' lang='grc'><strong><em>673,</em></strong></span> <span class='ocrx_word' id='word_1_7' title='bbox 586 428 634 494; x_wconf 87' lang='grc'><strong>15.</strong></span> <span class='ocrx_word' id='word_1_8' title='bbox 677 431 729 494; x_wconf 91' lang='lat' dir='ltr'><strong>Sic</strong></span> <span class='ocrx_word' id='word_1_9' title='bbox 756 429 847 495; x_wconf 88' lang='lat' dir='ltr'><strong>etiarn</strong></span> <span class='ocrx_word' id='word_1_10' title='bbox 874 429 999 493; x_wconf 86' lang='lat' dir='ltr'><strong>nomina</strong></span> <span class='ocrx_word' id='word_1_11' title='bbox 1021 430 1158 512; x_wconf 85' lang='lat' dir='ltr'><strong>propria</strong></span> <span class='ocrx_word' id='word_1_12' title='bbox 1186 445 1206 492; x_wconf 89' lang='lat' dir='ltr'><strong>a</strong></span> <span class='ocrx_word' id='word_1_13' title='bbox 1233 426 1332 492; x_wconf 80' lang='lat' dir='ltr'><strong>tuturis</strong></span> 
     </span>
     <span class='ocr_line' id='line_1_3' title="bbox 229 521 1333 613; baseline -0.006 -16"><span class='ocrx_word' id='word_1_14' title='bbox 229 531 327 613; x_wconf 86' lang='lat' dir='ltr'><strong>repeti</strong></span> <span class='ocrx_word' id='word_1_15' title='bbox 348 531 483 610; x_wconf 75' lang='lat' dir='ltr'><strong>possunt</strong></span> <span class='ocrx_word' id='word_1_16' title='bbox 504 533 566 590; x_wconf 89' lang='lat' dir='ltr'><strong>tum</strong></span> <span class='ocrx_word' id='word_1_17' title='bbox 587 527 822 592; x_wconf 79' lang='lat' dir='ltr'><strong>derivativorum</strong></span> <span class='ocrx_word' id='word_1_18' title='bbox 844 528 1008 591; x_wconf 88' lang='lat' dir='ltr'><strong>verborum</strong></span> <span class='ocrx_word' id='word_1_19' title='bbox 1030 536 1065 592; x_wconf 94' lang='lat' dir='ltr'><strong>ut</strong></span> <span class='ocrx_word' id='word_1_20' title='bbox 1074 523 1218 606; x_wconf 81' lang='grc' dir='ltr'><strong><em>Ἕλιξος,</em></strong></span> <span class='ocrx_word' id='word_1_21' title='bbox 1240 521 1333 606; x_wconf 85' lang='grc' dir='ltr'><strong><em>Χάρα-</em></strong></span> 
     </span>
     <span class='ocr_line' id='line_1_4' title="bbox 230 619 1332 709; baseline -0.007 -15"><span class='ocrx_word' id='word_1_22' title='bbox 230 629 298 709; x_wconf 85' lang='grc' dir='ltr'><strong><em>ξος,</em></strong></span> <span class='ocrx_word' id='word_1_23' title='bbox 327 619 501 702; x_wconf 78' lang='grc' dir='ltr'><strong><em>Σκέδασος,</em></strong></span> <span class='ocrx_word' id='word_1_24' title='bbox 535 621 688 700; x_wconf 84' lang='grc' dir='ltr'><strong><em>Κέλενσος</em></strong></span> <span class='ocrx_word' id='word_1_25' title='bbox 718 627 810 708; x_wconf 87' lang='lat' dir='ltr'><strong>Corp.</strong></span> <span class='ocrx_word' id='word_1_26' title='bbox 839 627 935 690; x_wconf 85' lang='lat' dir='ltr'><strong>lusor.</strong></span> <span class='ocrx_word' id='word_1_27' title='bbox 964 643 994 691; x_wconf 90' lang='lat' dir='ltr'><strong>n.</strong></span> <span class='ocrx_word' id='word_1_28' title='bbox 1017 627 1088 692; x_wconf 78' lang='lat'><strong>105.</strong></span> <span class='ocrx_word' id='word_1_29' title='bbox 1119 635 1153 692; x_wconf 91' lang='lat' dir='ltr'><strong>et</strong></span> <span class='ocrx_word' id='word_1_30' title='bbox 1174 627 1236 690; x_wconf 85' lang='lat' dir='ltr'><strong>ulia</strong></span> <span class='ocrx_word' id='word_1_31' title='bbox 1256 627 1332 708; x_wconf 85' lang='lat' dir='ltr'><strong>prins</strong></span> 
     </span>
     <span class='ocr_line' id='line_1_5' title="bbox 230 719 1333 808; baseline -0.009 -14"><span class='ocrx_word' id='word_1_32' title='bbox 230 731 400 794; x_wconf 86' lang='lat' dir='ltr'><strong>memorata</strong></span> <span class='ocrx_word' id='word_1_33' title='bbox 422 730 483 788; x_wconf 92' lang='lat' dir='ltr'><strong>tum</strong></span> <span class='ocrx_word' id='word_1_34' title='bbox 502 725 722 806; x_wconf 87' lang='lat' dir='ltr'><strong>primitivorum</strong></span> <span class='ocrx_word' id='word_1_35' title='bbox 736 727 861 808; x_wconf 78' lang='grc' dir='ltr'><strong><em>Δρῆσος</em></strong></span> <span class='ocrx_word' id='word_1_36' title='bbox 880 720 967 804; x_wconf 82' lang='grc' dir='ltr'><strong><em>παρὰ</em></strong></span> <span class='ocrx_word' id='word_1_37' title='bbox 986 719 1043 789; x_wconf 80' lang='grc' dir='ltr'><strong>τὸν</strong></span> <span class='ocrx_word' id='word_1_38' title='bbox 1063 723 1175 804; x_wconf 81' lang='grc' dir='ltr'><strong><em>δράσω</em></strong></span> <span class='ocrx_word' id='word_1_39' title='bbox 1195 722 1333 808; x_wconf 76' lang='grc' dir='ltr'><strong><em>μέλλοιτο</em></strong></span> 
     </span>
     <span class='ocr_line' id='line_1_6' title="bbox 232 817 1333 908; baseline -0.005 -19"><span class='ocrx_word' id='word_1_40' title='bbox 232 823 275 903; x_wconf 77' lang='grc' dir='ltr'><strong>ὧς</strong></span> <span class='ocrx_word' id='word_1_41' title='bbox 286 823 388 908; x_wconf 73' lang='grc' dir='ltr'><strong><em>κνήστι</em></strong></span> <span class='ocrx_word' id='word_1_42' title='bbox 402 825 527 905; x_wconf 51' lang='lat' dir='ltr'><strong>Knidos</strong></span> <span class='ocrx_word' id='word_1_43' title='bbox 538 820 590 886; x_wconf 86' lang='grc' dir='ltr'><strong>καί</strong></span> <span class='ocrx_word' id='word_1_44' title='bbox 603 820 690 906; x_wconf 77' lang='grc' dir='ltr'><strong><em>ρήσαι</em></strong></span> <span class='ocrx_word' id='word_1_45' title='bbox 699 817 810 907; x_wconf 76' lang='grc' dir='ltr'><strong><em>Ῥῆσος</em></strong></span> <span class='ocrx_word' id='word_1_46' title='bbox 825 825 890 889; x_wconf 86' lang='grc' dir='ltr'><strong>ΕΜ.</strong></span> <span class='ocrx_word' id='word_1_47' title='bbox 912 824 982 904; x_wconf 76' lang='grc'><strong><em>287,</em></strong></span> <span class='ocrx_word' id='word_1_48' title='bbox 1005 823 1055 889; x_wconf 77' lang='grc'><strong>40.</strong></span> <span class='ocrx_word' id='word_1_49' title='bbox 1070 826 1187 906; x_wconf 84' lang='lat' dir='ltr'><strong>quibus</strong></span> <span class='ocrx_word' id='word_1_50' title='bbox 1206 826 1292 907; x_wconf 86' lang='lat' dir='ltr'><strong>plura</strong></span> <span class='ocrx_word' id='word_1_51' title='bbox 1308 826 1333 884; x_wconf 84' lang='lat' dir='ltr'><strong>ct</strong></span> 
     </span>
     <span class='ocr_line' id='line_1_7' title="bbox 234 917 1334 1003; baseline -0.006 -10"><span class='ocrx_word' id='word_1_52' title='bbox 234 927 367 993; x_wconf 88' lang='lat' dir='ltr'><strong>certiora</strong></span> <span class='ocrx_word' id='word_1_53' title='bbox 384 923 484 988; x_wconf 84' lang='lat' dir='ltr'><strong>anorri</strong></span> <span class='ocrx_word' id='word_1_54' title='bbox 498 927 642 1003; x_wconf 80' lang='lat' dir='ltr'><strong>poterant</strong></span> <span class='ocrx_word' id='word_1_55' title='bbox 654 925 776 1002; x_wconf 74' lang='grc' dir='ltr'><strong><em>Πεῖσος,</em></strong></span> <span class='ocrx_word' id='word_1_56' title='bbox 799 926 911 998; x_wconf 79' lang='grc' dir='ltr'><strong><em>Σιδσος</em></strong></span> <span class='ocrx_word' id='word_1_57' title='bbox 928 930 986 987; x_wconf 89' lang='lat' dir='ltr'><strong>ete.</strong></span> <span class='ocrx_word' id='word_1_58' title='bbox 1004 939 1073 987; x_wconf 91' lang='lat' dir='ltr'><strong>curn</strong></span> <span class='ocrx_word' id='word_1_59' title='bbox 1092 925 1238 988; x_wconf 78' lang='lat' dir='ltr'><strong>adfinibus</strong></span> <span class='ocrx_word' id='word_1_60' title='bbox 1259 917 1334 1002; x_wconf 81' lang='lat' dir='ltr'><strong>ch&#39;·</strong></span> 
     </span>
     <span class='ocr_line' id='line_1_8' title="bbox 234 1017 1334 1107; baseline -0.006 -16"><span class='ocrx_word' id='word_1_61' title='bbox 234 1027 314 1107; x_wconf 81' lang='grc' dir='ltr'><strong><em>σοιν,</em></strong></span> <span class='ocrx_word' id='word_1_62' title='bbox 343 1019 498 1100; x_wconf 82' lang='grc' dir='ltr'><em>Παύσων,</em></span> <span class='ocrx_word' id='word_1_63' title='bbox 529 1017 679 1104; x_wconf 67' lang='lat' dir='ltr'><strong>dudeco,</strong></span> <span class='ocrx_word' id='word_1_64' title='bbox 701 1017 833 1105; x_wconf 77' lang='grc' dir='ltr'><strong><em>Κλρσοί,</em></strong></span> <span class='ocrx_word' id='word_1_65' title='bbox 857 1017 975 1100; x_wconf 67' lang='lat' dir='ltr'><strong>noent,</strong></span> <span class='ocrx_word' id='word_1_66' title='bbox 1001 1019 1100 1084; x_wconf 79' lang='grc' dir='ltr'><strong><em>Φυσοί</em></strong></span> <span class='ocrx_word' id='word_1_67' title='bbox 1121 1024 1253 1088; x_wconf 83' lang='lat' dir='ltr'><strong>Natura</strong></span> <span class='ocrx_word' id='word_1_68' title='bbox 1275 1023 1334 1086; x_wconf 84' lang='lat' dir='ltr'><strong>Em</strong></span> 
     </span>
     <span class='ocr_line' id='line_1_9' title="bbox 234 1119 1334 1209; baseline -0.007 -19"><span class='ocrx_word' id='word_1_69' title='bbox 234 1124 355 1209; x_wconf 88' lang='lat' dir='ltr'><strong>pedoci.</strong></span> <span class='ocrx_word' id='word_1_70' title='bbox 375 1138 404 1187; x_wconf 84' lang='lat' dir='ltr'><strong>v.</strong></span> <span class='ocrx_word' id='word_1_71' title='bbox 425 1119 474 1186; x_wconf 79' lang='grc'><strong>28.</strong></span> <span class='ocrx_word' id='word_1_72' title='bbox 516 1119 554 1184; x_wconf 85' lang='lat' dir='ltr'><strong>Et</strong></span> <span class='ocrx_word' id='word_1_73' title='bbox 574 1121 601 1184; x_wconf 89' lang='lat' dir='ltr'><strong>si</strong></span> <span class='ocrx_word' id='word_1_74' title='bbox 623 1123 726 1202; x_wconf 88' lang='lat' dir='ltr'><strong>poetis</strong></span> <span class='ocrx_word' id='word_1_75' title='bbox 747 1137 871 1203; x_wconf 82' lang='lat' dir='ltr'><strong>qnoque</strong></span> <span class='ocrx_word' id='word_1_76' title='bbox 892 1123 924 1184; x_wconf 93' lang='lat' dir='ltr'><strong>in</strong></span> <span class='ocrx_word' id='word_1_77' title='bbox 944 1121 1002 1185; x_wconf 88' lang='lat' dir='ltr'><strong>hac</strong></span> <span class='ocrx_word' id='word_1_78' title='bbox 1030 1139 1129 1186; x_wconf 81' lang='lat' dir='ltr'><strong>censa</strong></span> <span class='ocrx_word' id='word_1_79' title='bbox 1158 1123 1334 1186; x_wconf 86' lang='lat' dir='ltr'><strong>sententian</strong></span> 
     </span>
     <span class='ocr_line' id='line_1_10' title="bbox 235 1214 1334 1303; baseline -0.005 -14"><span class='ocrx_word' id='word_1_80' title='bbox 235 1225 338 1290; x_wconf 91' lang='lat' dir='ltr'><strong>dicere</strong></span> <span class='ocrx_word' id='word_1_81' title='bbox 359 1221 441 1302; x_wconf 85' lang='lat' dir='ltr'><strong>licet,</strong></span> <span class='ocrx_word' id='word_1_82' title='bbox 464 1214 601 1299; x_wconf 78' lang='grc' dir='ltr'><strong><em>Περσεύς</em></strong></span> <span class='ocrx_word' id='word_1_83' title='bbox 620 1221 795 1285; x_wconf 83' lang='lat' dir='ltr'><strong>nominatus</strong></span> <span class='ocrx_word' id='word_1_84' title='bbox 818 1228 866 1284; x_wconf 86' lang='lat' dir='ltr'><strong>cst</strong></span> <span class='ocrx_word' id='word_1_85' title='bbox 882 1216 1010 1284; x_wconf 77' lang='grc' dir='ltr'><strong><em>οὕνεκεν</em></strong></span> <span class='ocrx_word' id='word_1_86' title='bbox 1022 1217 1116 1284; x_wconf 75' lang='lat' dir='ltr'><strong>doceo</strong></span> <span class='ocrx_word' id='word_1_87' title='bbox 1128 1216 1244 1303; x_wconf 78' lang='grc' dir='ltr'><strong><em>νέρθεν</em></strong></span> <span class='ocrx_word' id='word_1_88' title='bbox 1259 1214 1334 1283; x_wconf 72' lang='lat' dir='ltr'><strong>deu-</strong></span> 
     </span>
     <span class='ocr_line' id='line_1_11' title="bbox 234 1312 1335 1406; baseline -0.007 -20"><span class='ocrx_word' id='word_1_89' title='bbox 234 1323 347 1406; x_wconf 81' lang='grc' dir='ltr'><strong><em>ρεσίοιν</em></strong></span> <span class='ocrx_word' id='word_1_90' title='bbox 373 1312 552 1397; x_wconf 73' lang='grc' dir='ltr'><strong><em>ἀνθρώπων</em></strong></span> <span class='ocrx_word' id='word_1_91' title='bbox 579 1317 658 1399; x_wconf 83' lang='grc' dir='ltr'><strong>(ΕΜ.</strong></span> <span class='ocrx_word' id='word_1_92' title='bbox 687 1317 757 1403; x_wconf 81' lang='grc'><strong><em>665,</em></strong></span> <span class='ocrx_word' id='word_1_93' title='bbox 778 1319 842 1400; x_wconf 84' lang='grc'><strong>45.)</strong></span> <span class='ocrx_word' id='word_1_94' title='bbox 869 1328 898 1384; x_wconf 90' lang='lat' dir='ltr'><strong>et</strong></span> <span class='ocrx_word' id='word_1_95' title='bbox 915 1313 1101 1398; x_wconf 78' lang='grc' dir='ltr'><strong><em>Ὀδυσσεύς,</em></strong></span> <span class='ocrx_word' id='word_1_96' title='bbox 1132 1327 1168 1383; x_wconf 93' lang='lat' dir='ltr'><strong>nt</strong></span> <span class='ocrx_word' id='word_1_97' title='bbox 1189 1320 1335 1384; x_wconf 83' lang='lat' dir='ltr'><strong>Homerus</strong></span> 
     </span>
     <span class='ocr_line' id='line_1_12' title="bbox 236 1409 1335 1505; baseline -0.005 -20"><span class='ocrx_word' id='word_1_98' title='bbox 236 1421 289 1505; x_wconf 86' lang='lat' dir='ltr'><strong>uit,</strong></span> <span class='ocrx_word' id='word_1_99' title='bbox 311 1419 384 1503; x_wconf 89' lang='lat' dir='ltr'><strong>qnia</strong></span> <span class='ocrx_word' id='word_1_100' title='bbox 402 1422 490 1498; x_wconf 85' lang='lat' dir='ltr'><strong>pater</strong></span> <span class='ocrx_word' id='word_1_101' title='bbox 512 1421 579 1497; x_wconf 77' lang='lat' dir='ltr'><strong>ejus</strong></span> <span class='ocrx_word' id='word_1_102' title='bbox 602 1410 765 1480; x_wconf 82' lang='grc' dir='ltr'><strong><em>άάάσσατο</em></strong></span> <span class='ocrx_word' id='word_1_103' title='bbox 783 1419 915 1492; x_wconf 82' lang='grc' dir='ltr'><strong><em>πολλοῖς.</em></strong></span> <span class='ocrx_word' id='word_1_104' title='bbox 959 1419 1034 1484; x_wconf 83' lang='grc' dir='ltr'><strong><em>Τσιο</em></strong></span> <span class='ocrx_word' id='word_1_105' title='bbox 1065 1425 1231 1501; x_wconf 86' lang='lat' dir='ltr'><strong>praeterea</strong></span> <span class='ocrx_word' id='word_1_106' title='bbox 1256 1409 1335 1498; x_wconf 82' lang='grc' dir='ltr'><strong><em>παρὰ</em></strong></span> 
     </span>
     <span class='ocr_line' id='line_1_13' title="bbox 235 1508 1333 1599; baseline -0.006 -16"><span class='ocrx_word' id='word_1_107' title='bbox 235 1515 273 1584; x_wconf 85' lang='grc' dir='ltr'><strong>τὸ</strong></span> <span class='ocrx_word' id='word_1_108' title='bbox 290 1517 366 1599; x_wconf 83' lang='grc' dir='ltr'><strong><em>μίξαι</em></strong></span> <span class='ocrx_word' id='word_1_109' title='bbox 388 1513 501 1590; x_wconf 59' lang='lat' dir='ltr'><strong>Midoen</strong></span> <span class='ocrx_word' id='word_1_110' title='bbox 520 1512 574 1578; x_wconf 85' lang='grc' dir='ltr'><strong>καί</strong></span> <span class='ocrx_word' id='word_1_111' title='bbox 594 1513 711 1592; x_wconf 85' lang='grc' dir='ltr'><strong><em>Μιξίας</em></strong></span> <span class='ocrx_word' id='word_1_112' title='bbox 731 1508 775 1590; x_wconf 74' lang='grc' dir='ltr'><strong>ὥς</strong></span> <span class='ocrx_word' id='word_1_113' title='bbox 795 1511 886 1578; x_wconf 83' lang='grc' dir='ltr'><strong><em>σοι’σω</em></strong></span> <span class='ocrx_word' id='word_1_114' title='bbox 907 1518 1041 1597; x_wconf 82' lang='grc' dir='ltr'><strong><em>Σωσίας,</em></strong></span> <span class='ocrx_word' id='word_1_115' title='bbox 1062 1512 1141 1594; x_wconf 76' lang='grc' dir='ltr'><strong><em>λέξαι</em></strong></span> <span class='ocrx_word' id='word_1_116' title='bbox 1154 1515 1263 1592; x_wconf 71' lang='grc' dir='ltr'><strong><em>Λοξίας</em></strong></span> <span class='ocrx_word' id='word_1_117' title='bbox 1275 1515 1333 1580; x_wconf 83' lang='grc' dir='ltr'><strong>ΕΜ.</strong></span> 
     </span>
     <span class='ocr_line' id='line_1_14' title="bbox 237 1601 1335 1697; baseline -0.003 -18"><span class='ocrx_word' id='word_1_118' title='bbox 237 1613 308 1695; x_wconf 82' lang='grc'><strong><em>588,</em></strong></span> <span class='ocrx_word' id='word_1_119' title='bbox 329 1613 379 1679; x_wconf 84' lang='grc'><strong>32.</strong></span> <span class='ocrx_word' id='word_1_120' title='bbox 423 1611 485 1677; x_wconf 86' lang='lat' dir='ltr'><strong>Sed</strong></span> <span class='ocrx_word' id='word_1_121' title='bbox 513 1629 581 1677; x_wconf 91' lang='lat' dir='ltr'><strong>cum</strong></span> <span class='ocrx_word' id='word_1_122' title='bbox 600 1615 774 1679; x_wconf 85' lang='lat' dir='ltr'><strong>nominibus</strong></span> <span class='ocrx_word' id='word_1_123' title='bbox 794 1616 827 1679; x_wconf 90' lang='lat' dir='ltr'><strong>in</strong></span> <span class='ocrx_word' id='word_1_124' title='bbox 842 1601 912 1694; x_wconf 70' lang='grc' dir='ltr'><strong><em>ἶας,</em></strong></span> <span class='ocrx_word' id='word_1_125' title='bbox 941 1633 1021 1697; x_wconf 83' lang='lat' dir='ltr'><strong>quae</strong></span> <span class='ocrx_word' id='word_1_126' title='bbox 1043 1615 1104 1679; x_wconf 88' lang='lat' dir='ltr'><strong>alio</strong></span> <span class='ocrx_word' id='word_1_127' title='bbox 1127 1615 1201 1678; x_wconf 90' lang='lat' dir='ltr'><strong>loco</strong></span> <span class='ocrx_word' id='word_1_128' title='bbox 1223 1620 1335 1678; x_wconf 81' lang='lat' dir='ltr'><strong>naon-</strong></span> 
     </span>
     <span class='ocr_line' id='line_1_15' title="bbox 181 1712 1334 1796; baseline -0.005 -18"><span class='ocrx_word' id='word_1_129' title='bbox 181 1771 184 1778; x_wconf 90' lang='lat'><em>.</em></span> <span class='ocrx_word' id='word_1_130' title='bbox 236 1717 356 1796; x_wconf 85' lang='lat' dir='ltr'><strong>bimus,</strong></span> <span class='ocrx_word' id='word_1_131' title='bbox 377 1712 538 1776; x_wconf 82' lang='lat' dir='ltr'><strong>munimem</strong></span> <span class='ocrx_word' id='word_1_132' title='bbox 557 1713 814 1778; x_wconf 87' lang='lat' dir='ltr'><strong>necessitudinem</strong></span> <span class='ocrx_word' id='word_1_133' title='bbox 836 1721 868 1778; x_wconf 92' lang='lat' dir='ltr'><strong>et</strong></span> <span class='ocrx_word' id='word_1_134' title='bbox 890 1715 999 1779; x_wconf 86' lang='lat' dir='ltr'><strong>crebra</strong></span> <span class='ocrx_word' id='word_1_135' title='bbox 1021 1714 1208 1777; x_wconf 90' lang='lat' dir='ltr'><strong>commercia</strong></span> <span class='ocrx_word' id='word_1_136' title='bbox 1228 1713 1334 1776; x_wconf 78' lang='lat' dir='ltr'><strong>hahent</strong></span> 
     </span>
     <span class='ocr_line' id='line_1_16' title="bbox 237 1809 1334 1899; baseline -0.007 -19"><span class='ocrx_word' id='word_1_137' title='bbox 237 1832 290 1899; x_wconf 87' lang='lat' dir='ltr'><strong>ca,</strong></span> <span class='ocrx_word' id='word_1_138' title='bbox 312 1825 441 1896; x_wconf 90' lang='lat' dir='ltr'><strong>quorum</strong></span> <span class='ocrx_word' id='word_1_139' title='bbox 463 1827 558 1874; x_wconf 87' lang='lat' dir='ltr'><strong>cansa</strong></span> <span class='ocrx_word' id='word_1_140' title='bbox 578 1810 657 1874; x_wconf 90' lang='lat' dir='ltr'><strong>hanc</strong></span> <span class='ocrx_word' id='word_1_141' title='bbox 678 1812 758 1874; x_wconf 86' lang='lat' dir='ltr'><strong>viam</strong></span> <span class='ocrx_word' id='word_1_142' title='bbox 778 1811 912 1892; x_wconf 82' lang='lat' dir='ltr'><strong>ingressi</strong></span> <span class='ocrx_word' id='word_1_143' title='bbox 933 1829 1048 1877; x_wconf 89' lang='lat' dir='ltr'><strong>snmus.</strong></span> <span class='ocrx_word' id='word_1_144' title='bbox 1085 1811 1165 1875; x_wconf 87' lang='lat' dir='ltr'><strong>Nam</strong></span> <span class='ocrx_word' id='word_1_145' title='bbox 1180 1812 1218 1875; x_wconf 86' lang='lat' dir='ltr'><strong>ab</strong></span> <span class='ocrx_word' id='word_1_146' title='bbox 1233 1809 1334 1875; x_wconf 88' lang='lat' dir='ltr'><strong>codem</strong></span> 
     </span>
     <span class='ocr_line' id='line_1_17' title="bbox 239 1907 1334 1994; baseline -0.011 -13"><span class='ocrx_word' id='word_1_147' title='bbox 239 1922 322 1981; x_wconf 86' lang='lat' dir='ltr'><strong>certe</strong></span> <span class='ocrx_word' id='word_1_148' title='bbox 343 1909 438 1975; x_wconf 87' lang='lat' dir='ltr'><strong>verbo</strong></span> <span class='ocrx_word' id='word_1_149' title='bbox 461 1907 627 1972; x_wconf 85' lang='lat' dir='ltr'><strong>derivatum</strong></span> <span class='ocrx_word' id='word_1_150' title='bbox 649 1917 697 1973; x_wconf 89' lang='lat' dir='ltr'><strong>est</strong></span> <span class='ocrx_word' id='word_1_151' title='bbox 718 1913 858 1994; x_wconf 82' lang='grc' dir='ltr'><strong><em>Φρασίας</em></strong></span> <span class='ocrx_word' id='word_1_152' title='bbox 877 1913 963 1976; x_wconf 88' lang='lat' dir='ltr'><strong>Dem.</strong></span> <span class='ocrx_word' id='word_1_153' title='bbox 986 1925 1012 1973; x_wconf 94' lang='lat' dir='ltr'><strong>c.</strong></span> <span class='ocrx_word' id='word_1_154' title='bbox 1035 1908 1110 1974; x_wconf 84' lang='lat' dir='ltr'><strong>Call.</strong></span> <span class='ocrx_word' id='word_1_155' title='bbox 1134 1910 1225 1993; x_wconf 84' lang='lat'><strong>1236,</strong></span> <span class='ocrx_word' id='word_1_156' title='bbox 1238 1909 1286 1974; x_wconf 81' lang='lat'><strong>25.</strong></span> <span class='ocrx_word' id='word_1_157' title='bbox 1307 1915 1334 1971; x_wconf 87' lang='lat' dir='ltr'><strong>ct</strong></span> 
     </span>
     <span class='ocr_line' id='line_1_18' title="bbox 241 2004 1333 2094; baseline -0.006 -16"><span class='ocrx_word' id='word_1_158' title='bbox 241 2007 382 2094; x_wconf 81' lang='grc' dir='ltr'><strong><em>Φράσιος</em></strong></span> <span class='ocrx_word' id='word_1_159' title='bbox 406 2007 508 2073; x_wconf 87' lang='lat' dir='ltr'><strong>Nonn.</strong></span> <span class='ocrx_word' id='word_1_160' title='bbox 527 2004 644 2070; x_wconf 73' lang='lat' dir='ltr'><strong>nnxn.</strong></span> <span class='ocrx_word' id='word_1_161' title='bbox 666 2007 735 2073; x_wconf 73' lang='lat'><strong>234.</strong></span> <span class='ocrx_word' id='word_1_162' title='bbox 767 2010 850 2090; x_wconf 91' lang='lat' dir='ltr'><strong>quod</strong></span> <span class='ocrx_word' id='word_1_163' title='bbox 870 2008 1037 2074; x_wconf 86' lang='lat' dir='ltr'><strong>secundnm</strong></span> <span class='ocrx_word' id='word_1_164' title='bbox 1058 2008 1228 2074; x_wconf 82' lang='lat' dir='ltr'><strong>Herodiani</strong></span> <span class='ocrx_word' id='word_1_165' title='bbox 1247 2023 1333 2088; x_wconf 80' lang='lat' dir='ltr'><strong>regu·</strong></span> 
     </span>
     <span class='ocr_line' id='line_1_19' title="bbox 238 2106 1334 2191; baseline -0.008 -13"><span class='ocrx_word' id='word_1_166' title='bbox 238 2113 299 2178; x_wconf 89' lang='lat' dir='ltr'><strong>lam</strong></span> <span class='ocrx_word' id='word_1_167' title='bbox 327 2113 544 2191; x_wconf 78' lang='lat' dir='ltr'><strong>paroxvtonon</strong></span> <span class='ocrx_word' id='word_1_168' title='bbox 572 2121 644 2168; x_wconf 91' lang='lat' dir='ltr'><strong>esse</strong></span> <span class='ocrx_word' id='word_1_169' title='bbox 674 2106 766 2172; x_wconf 86' lang='lat' dir='ltr'><strong>debet</strong></span> <span class='ocrx_word' id='word_1_170' title='bbox 793 2126 821 2173; x_wconf 91' lang='lat' dir='ltr'><strong>v.</strong></span> <span class='ocrx_word' id='word_1_171' title='bbox 848 2109 955 2172; x_wconf 88' lang='lat' dir='ltr'><strong>Lchrs.</strong></span> <span class='ocrx_word' id='word_1_172' title='bbox 981 2109 1076 2172; x_wconf 78' lang='lat' dir='ltr'><strong>Arist.</strong></span> <span class='ocrx_word' id='word_1_173' title='bbox 1097 2107 1170 2174; x_wconf 81' lang='lat'><strong>280.</strong></span> <span class='ocrx_word' id='word_1_174' title='bbox 1198 2108 1334 2191; x_wconf 77' lang='grc' dir='ltr'><strong><em>Τιμησίας</em></strong></span> 
     </span>
     <span class='ocr_line' id='line_1_20' title="bbox 240 2201 1333 2290; baseline -0.009 -14"><span class='ocrx_word' id='word_1_175' title='bbox 240 2207 503 2277; x_wconf 77' lang='lat' dir='ltr'><strong>Clazomeniorum</strong></span> <span class='ocrx_word' id='word_1_176' title='bbox 524 2202 669 2284; x_wconf 87' lang='lat' dir='ltr'><strong>princeps</strong></span> <span class='ocrx_word' id='word_1_177' title='bbox 689 2203 769 2270; x_wconf 89' lang='lat' dir='ltr'><strong>idem</strong></span> <span class='ocrx_word' id='word_1_178' title='bbox 795 2201 941 2290; x_wconf 81' lang='grc' dir='ltr'><strong><em>Ίιμήσιος</em></strong></span> <span class='ocrx_word' id='word_1_179' title='bbox 960 2207 1136 2270; x_wconf 89' lang='lat' dir='ltr'><strong>nominatur</strong></span> <span class='ocrx_word' id='word_1_180' title='bbox 1156 2225 1185 2271; x_wconf 88' lang='lat' dir='ltr'><strong>v.</strong></span> <span class='ocrx_word' id='word_1_181' title='bbox 1206 2207 1333 2286; x_wconf 79' lang='lat' dir='ltr'><strong>Wytten-</strong></span> 
     </span>
     <span class='ocr_line' id='line_1_21' title="bbox 239 2300 1332 2387; baseline -0.009 -12"><span class='ocrx_word' id='word_1_182' title='bbox 239 2309 328 2376; x_wconf 86' lang='lat' dir='ltr'><strong>bach.</strong></span> <span class='ocrx_word' id='word_1_183' title='bbox 357 2305 396 2370; x_wconf 93' lang='lat' dir='ltr'><strong>ad</strong></span> <span class='ocrx_word' id='word_1_184' title='bbox 421 2303 499 2368; x_wconf 90' lang='lat' dir='ltr'><strong>Plut.</strong></span> <span class='ocrx_word' id='word_1_185' title='bbox 527 2302 562 2366; x_wconf 94' lang='lat'><strong>11.</strong></span> <span class='ocrx_word' id='word_1_186' title='bbox 584 2300 633 2366; x_wconf 80' lang='grc'><strong>96.</strong></span> <span class='ocrx_word' id='word_1_187' title='bbox 655 2303 689 2367; x_wconf 90' lang='grc' dir='ltr'><strong>Β.</strong></span> <span class='ocrx_word' id='word_1_188' title='bbox 710 2304 808 2386; x_wconf 81' lang='grc'><strong>(655.)</strong></span> <span class='ocrx_word' id='word_1_189' title='bbox 830 2303 992 2387; x_wconf 81' lang='grc' dir='ltr'><strong><em>Δαμασίας</em></strong></span> <span class='ocrx_word' id='word_1_190' title='bbox 1017 2305 1049 2367; x_wconf 92' lang='lat' dir='ltr'><strong>in</strong></span> <span class='ocrx_word' id='word_1_191' title='bbox 1070 2305 1198 2370; x_wconf 88' lang='lat' dir='ltr'><strong>Lucian.</strong></span> <span class='ocrx_word' id='word_1_192' title='bbox 1217 2303 1332 2384; x_wconf 80' lang='lat' dir='ltr'><strong>Lenipn</strong></span> 
     </span>
     <span class='ocr_line' id='line_1_22' title="bbox 242 2397 1363 2486; baseline -0.005 -13"><span class='ocrx_word' id='word_1_193' title='bbox 242 2416 272 2486; x_wconf 74' lang='lat' dir='ltr'><strong>s.</strong></span> <span class='ocrx_word' id='word_1_194' title='bbox 295 2405 342 2473; x_wconf 79' lang='lat'><strong>12.</strong></span> <span class='ocrx_word' id='word_1_195' title='bbox 363 2417 461 2484; x_wconf 86' lang='lat' dir='ltr'><strong>nuper</strong></span> <span class='ocrx_word' id='word_1_196' title='bbox 482 2401 651 2481; x_wconf 86' lang='lat' dir='ltr'><strong>repositum</strong></span> <span class='ocrx_word' id='word_1_197' title='bbox 672 2419 729 2483; x_wconf 89' lang='lat' dir='ltr'><strong>pro</strong></span> <span class='ocrx_word' id='word_1_198' title='bbox 747 2399 915 2483; x_wconf 86' lang='grc' dir='ltr'><strong><em>Δαμάσιος,</em></strong></span> <span class='ocrx_word' id='word_1_199' title='bbox 936 2402 1077 2483; x_wconf 85' lang='lat' dir='ltr'><strong>idemque</strong></span> <span class='ocrx_word' id='word_1_200' title='bbox 1091 2403 1197 2468; x_wconf 85' lang='lat' dir='ltr'><strong>valent</strong></span> <span class='ocrx_word' id='word_1_201' title='bbox 1214 2397 1333 2480; x_wconf 68' lang='grc' dir='ltr'><strong><em>Ἀλκξίας</em></strong></span> <span class='ocrx_word' id='word_1_202' title='bbox 1362 2455 1363 2460; x_wconf 59' lang='grc'><strong><em>,</em></strong></span> 
     </span>
     <span class='ocr_line' id='line_1_23' title="bbox 243 2498 1332 2584; baseline -0.01 -11"><span class='ocrx_word' id='word_1_203' title='bbox 243 2514 274 2574; x_wconf 91' lang='lat' dir='ltr'><strong>et</strong></span> <span class='ocrx_word' id='word_1_204' title='bbox 290 2498 421 2580; x_wconf 69' lang='grc' dir='ltr'><strong><em>Ἀλέξιος</em></strong></span> <span class='ocrx_word' id='word_1_205' title='bbox 442 2509 471 2564; x_wconf 89' lang='lat' dir='ltr'><strong>et</strong></span> <span class='ocrx_word' id='word_1_206' title='bbox 492 2507 597 2563; x_wconf 87' lang='lat' dir='ltr'><strong>cetera</strong></span> <span class='ocrx_word' id='word_1_207' title='bbox 615 2501 705 2579; x_wconf 80' lang='lat' dir='ltr'><strong>hujus</strong></span> <span class='ocrx_word' id='word_1_208' title='bbox 723 2502 855 2583; x_wconf 85' lang='lat' dir='ltr'><strong>generis,</strong></span> <span class='ocrx_word' id='word_1_209' title='bbox 876 2518 956 2582; x_wconf 91' lang='lat' dir='ltr'><strong>quae</strong></span> <span class='ocrx_word' id='word_1_210' title='bbox 971 2501 1166 2566; x_wconf 85' lang='lat' dir='ltr'><strong>Grammatici</strong></span> <span class='ocrx_word' id='word_1_211' title='bbox 1180 2506 1332 2584; x_wconf 87' lang='lat' dir='ltr'><strong>conjuncto</strong></span> 
     </span>
     <span class='ocr_line' id='line_1_24' title="bbox 243 2587 1332 2684; baseline -0.006 -14"><span class='ocrx_word' id='word_1_212' title='bbox 243 2621 311 2670; x_wconf 91' lang='lat' dir='ltr'><strong>cum</strong></span> <span class='ocrx_word' id='word_1_213' title='bbox 333 2599 493 2682; x_wconf 76' lang='lat' dir='ltr'><strong>adjectivis</strong></span> <span class='ocrx_word' id='word_1_214' title='bbox 515 2605 700 2662; x_wconf 87' lang='lat' dir='ltr'><strong>contexunt:</strong></span> <span class='ocrx_word' id='word_1_215' title='bbox 722 2592 742 2682; x_wconf 85' lang='grc' dir='ltr'><strong><em>ἡ</em></strong></span> <span class='ocrx_word' id='word_1_216' title='bbox 763 2595 816 2663; x_wconf 79' lang='grc' dir='ltr'><strong><em>διὰ</em></strong></span> <span class='ocrx_word' id='word_1_217' title='bbox 836 2600 894 2664; x_wconf 84' lang='grc' dir='ltr'><strong>τοῦ</strong></span> <span class='ocrx_word' id='word_1_218' title='bbox 915 2587 962 2674; x_wconf 56' lang='grc' dir='ltr'><strong>ἧς</strong></span> <span class='ocrx_word' id='word_1_219' title='bbox 981 2595 1154 2684; x_wconf 75' lang='grc' dir='ltr'><strong><em>παραγωγὴ</em></strong></span> <span class='ocrx_word' id='word_1_220' title='bbox 1174 2597 1260 2684; x_wconf 82' lang='grc' dir='ltr'><strong><em>παρά</em></strong></span> <span class='ocrx_word' id='word_1_221' title='bbox 1277 2595 1332 2684; x_wconf 66' lang='grc' dir='ltr'><strong>μέλ</strong></span> 
     </span>
     <span class='ocr_line' id='line_1_25' title="bbox 242 2691 1331 2782; baseline -0.003 -17"><span class='ocrx_word' id='word_1_222' title='bbox 242 2709 337 2768; x_wconf 86' lang='grc' dir='ltr'><strong><em>λοντα</em></strong></span> <span class='ocrx_word' id='word_1_223' title='bbox 362 2692 510 2782; x_wconf 79' lang='grc' dir='ltr'><strong><em>γενομένη</em></strong></span> <span class='ocrx_word' id='word_1_224' title='bbox 529 2699 634 2781; x_wconf 77' lang='grc' dir='ltr'><strong><em>τρίτην</em></strong></span> <span class='ocrx_word' id='word_1_225' title='bbox 661 2691 723 2762; x_wconf 86' lang='grc' dir='ltr'><strong><em>άτιὸ</em></strong></span> <span class='ocrx_word' id='word_1_226' title='bbox 743 2693 848 2773; x_wconf 84' lang='grc' dir='ltr'><strong><em>τέλους</em></strong></span> <span class='ocrx_word' id='word_1_227' title='bbox 868 2695 926 2780; x_wconf 73' lang='grc' dir='ltr'><strong><em>ἔχει</em></strong></span> <span class='ocrx_word' id='word_1_228' title='bbox 944 2694 1002 2781; x_wconf 76' lang='grc' dir='ltr'><strong>τὴν</strong></span> <span class='ocrx_word' id='word_1_229' title='bbox 1022 2693 1134 2778; x_wconf 84' lang='grc' dir='ltr'><strong><em>ὀξεῖαν,</em></strong></span> <span class='ocrx_word' id='word_1_230' title='bbox 1160 2695 1331 2782; x_wconf 76' lang='grc' dir='ltr'><strong><em>Ὀρθαίσιος,</em></strong></span> 
     </span>
     <span class='ocr_line' id='line_1_26' title="bbox 243 2791 1332 2885; baseline -0.006 -17"><span class='ocrx_word' id='word_1_231' title='bbox 243 2797 400 2885; x_wconf 77' lang='grc' dir='ltr'><strong><em>Αίνὴσιος,</em></strong></span> <span class='ocrx_word' id='word_1_232' title='bbox 419 2791 595 2878; x_wconf 76' lang='grc' dir='ltr'><strong><em>Ἀρκείσιος,</em></strong></span> <span class='ocrx_word' id='word_1_233' title='bbox 618 2791 779 2878; x_wconf 81' lang='grc' dir='ltr'><strong><em>ἀνάρσιος,</em></strong></span> <span class='ocrx_word' id='word_1_234' title='bbox 800 2793 940 2876; x_wconf 79' lang='grc' dir='ltr'><strong><em>κτήσιος,</em></strong></span> <span class='ocrx_word' id='word_1_235' title='bbox 963 2793 1061 2875; x_wconf 79' lang='grc' dir='ltr'><strong><em>ἄξιος,</em></strong></span> <span class='ocrx_word' id='word_1_236' title='bbox 1084 2795 1246 2878; x_wconf 82' lang='grc' dir='ltr'><strong><em>ἀσπάσιος,</em></strong></span> <span class='ocrx_word' id='word_1_237' title='bbox 1263 2803 1332 2862; x_wconf 73' lang='lat' dir='ltr'><strong>don</strong></span> 
     </span>
     <span class='ocr_line' id='line_1_27' title="bbox 243 2889 1331 2986; baseline -0.006 -22"><span class='ocrx_word' id='word_1_238' title='bbox 243 2897 360 2986; x_wconf 87' lang='grc' dir='ltr'><strong><em>μάσιος.</em></strong></span> <span class='ocrx_word' id='word_1_239' title='bbox 405 2889 564 2973; x_wconf 82' lang='grc' dir='ltr'><strong><em>Ὀξύνεται</em></strong></span> <span class='ocrx_word' id='word_1_240' title='bbox 588 2890 621 2959; x_wconf 79' lang='grc' dir='ltr'><strong>δὲ</strong></span> <span class='ocrx_word' id='word_1_241' title='bbox 647 2889 788 2975; x_wconf 78' lang='grc' dir='ltr'><strong><em>ἀνεψιός,</em></strong></span> <span class='ocrx_word' id='word_1_242' title='bbox 819 2893 915 2973; x_wconf 78' lang='grc' dir='ltr'><strong><em>δεξιός</em></strong></span> <span class='ocrx_word' id='word_1_243' title='bbox 941 2898 1007 2961; x_wconf 83' lang='grc' dir='ltr'><strong>ΕΜ.</strong></span> <span class='ocrx_word' id='word_1_244' title='bbox 1029 2897 1098 2982; x_wconf 84' lang='grc'><strong>156,</strong></span> <span class='ocrx_word' id='word_1_245' title='bbox 1120 2899 1149 2963; x_wconf 90' lang='grc'><strong>6.</strong></span> <span class='ocrx_word' id='word_1_246' title='bbox 1198 2901 1254 2964; x_wconf 88' lang='lat' dir='ltr'><strong>Hic</strong></span> <span class='ocrx_word' id='word_1_247' title='bbox 1279 2897 1331 2979; x_wconf 86' lang='lat' dir='ltr'><strong>pri·</strong></span> 
     </span>
     <span class='ocr_line' id='line_1_28' title="bbox 242 2994 1331 3080; baseline -0.008 -14"><span class='ocrx_word' id='word_1_248' title='bbox 242 3017 324 3067; x_wconf 93' lang='lat' dir='ltr'><strong>mum</strong></span> <span class='ocrx_word' id='word_1_249' title='bbox 342 2995 595 3061; x_wconf 83' lang='lat' dir='ltr'><strong>&#39;animadvertere</strong></span> <span class='ocrx_word' id='word_1_250' title='bbox 621 2995 695 3060; x_wconf 88' lang='lat' dir='ltr'><strong>libet</strong></span> <span class='ocrx_word' id='word_1_251' title='bbox 724 2994 961 3076; x_wconf 76' lang='lat' dir='ltr'><strong>adjectivorum,</strong></span> <span class='ocrx_word' id='word_1_252' title='bbox 989 3014 1069 3078; x_wconf 85' lang='lat' dir='ltr'><strong>quae</strong></span> <span class='ocrx_word' id='word_1_253' title='bbox 1095 2997 1135 3060; x_wconf 85' lang='lat' dir='ltr'><strong>ab</strong></span> <span class='ocrx_word' id='word_1_254' title='bbox 1159 2999 1289 3080; x_wconf 88' lang='lat' dir='ltr'><strong>antiquis</strong></span> <span class='ocrx_word' id='word_1_255' title='bbox 1305 2996 1331 3057; x_wconf 92' lang='lat' dir='ltr'><strong>in</strong></span> 
     </span>
     <span class='ocr_line' id='line_1_29' title="bbox 244 3089 1331 3176; baseline -0.008 -11"><span class='ocrx_word' id='word_1_256' title='bbox 244 3111 433 3164; x_wconf 90' lang='lat' dir='ltr'><strong>communem</strong></span> <span class='ocrx_word' id='word_1_257' title='bbox 454 3111 543 3158; x_wconf 92' lang='lat' dir='ltr'><strong>nsum</strong></span> <span class='ocrx_word' id='word_1_258' title='bbox 560 3103 685 3175; x_wconf 89' lang='lat' dir='ltr'><strong>recepta</strong></span> <span class='ocrx_word' id='word_1_259' title='bbox 701 3103 782 3173; x_wconf 89' lang='lat' dir='ltr'><strong>sunt,</strong></span> <span class='ocrx_word' id='word_1_260' title='bbox 804 3097 1005 3176; x_wconf 64' lang='lat' dir='ltr'><strong>paucitatem</strong></span> <span class='ocrx_word' id='word_1_261' title='bbox 1026 3111 1096 3159; x_wconf 88' lang='lat' dir='ltr'><strong>nam</strong></span> <span class='ocrx_word' id='word_1_262' title='bbox 1110 3103 1237 3176; x_wconf 85' lang='lat' dir='ltr'><strong>praeter</strong></span> <span class='ocrx_word' id='word_1_263' title='bbox 1249 3089 1331 3158; x_wconf 87' lang='grc' dir='ltr'><strong><em>άστά-</em></strong></span> 
     </span>
     <span class='ocr_line' id='line_1_30' title="bbox 244 3189 1331 3275; baseline -0.002 -16"><span class='ocrx_word' id='word_1_264' title='bbox 244 3212 325 3275; x_wconf 84' lang='grc' dir='ltr'><strong><em>οιος,</em></strong></span> <span class='ocrx_word' id='word_1_265' title='bbox 363 3189 463 3272; x_wconf 83' lang='grc' dir='ltr'><strong><em>άξιος,</em></strong></span> <span class='ocrx_word' id='word_1_266' title='bbox 497 3189 606 3271; x_wconf 77' lang='grc' dir='ltr'><strong><em>δεξιός,</em></strong></span> <span class='ocrx_word' id='word_1_267' title='bbox 643 3194 745 3257; x_wconf 87' lang='lat' dir='ltr'><strong>omnia</strong></span> <span class='ocrx_word' id='word_1_268' title='bbox 779 3200 831 3257; x_wconf 85' lang='lat' dir='ltr'><strong>aut</strong></span> <span class='ocrx_word' id='word_1_269' title='bbox 857 3193 1077 3272; x_wconf 78' lang='lat' dir='ltr'><strong>androuymica</strong></span> <span class='ocrx_word' id='word_1_270' title='bbox 1103 3201 1176 3257; x_wconf 90' lang='lat' dir='ltr'><strong>sunt</strong></span> <span class='ocrx_word' id='word_1_271' title='bbox 1205 3189 1331 3265; x_wconf 80' lang='grc' dir='ltr'><strong><em>Αίάέσιος</em></strong></span> 
     </span>
     <span class='ocr_line' id='line_1_31' title="bbox 245 3291 1330 3380; baseline -0.006 -18"><span class='ocrx_word' id='word_1_272' title='bbox 245 3297 365 3380; x_wconf 91' lang='lat' dir='ltr'><strong>(omiss.</strong></span> <span class='ocrx_word' id='word_1_273' title='bbox 390 3295 423 3357; x_wconf 91' lang='lat' dir='ltr'><strong>in</strong></span> <span class='ocrx_word' id='word_1_274' title='bbox 450 3291 517 3376; x_wconf 87' lang='lat' dir='ltr'><strong>Th.)</strong></span> <span class='ocrx_word' id='word_1_275' title='bbox 545 3309 573 3354; x_wconf 91' lang='lat' dir='ltr'><strong>v.</strong></span> <span class='ocrx_word' id='word_1_276' title='bbox 602 3292 816 3371; x_wconf 78' lang='lat' dir='ltr'><strong>Wyttenlruch.</strong></span> <span class='ocrx_word' id='word_1_277' title='bbox 849 3291 886 3355; x_wconf 84' lang='lat' dir='ltr'><strong>ad</strong></span> <span class='ocrx_word' id='word_1_278' title='bbox 916 3292 1032 3373; x_wconf 85' lang='lat' dir='ltr'><strong>Euuop.</strong></span> <span class='ocrx_word' id='word_1_279' title='bbox 1060 3309 1090 3372; x_wconf 87' lang='grc' dir='ltr'><strong>μ.</strong></span> <span class='ocrx_word' id='word_1_280' title='bbox 1120 3291 1170 3358; x_wconf 84' lang='grc'><strong>69.</strong></span> <span class='ocrx_word' id='word_1_281' title='bbox 1196 3291 1330 3364; x_wconf 79' lang='grc' dir='ltr'><strong><em>Εἰκάσιος</em></strong></span> 
     </span>
     <span class='ocr_line' id='line_1_32' title="bbox 246 3384 1328 3480; baseline -0.01 -19"><span class='ocrx_word' id='word_1_282' title='bbox 246 3395 381 3480; x_wconf 90' lang='lat' dir='ltr'><strong>(omiss.)</strong></span> <span class='ocrx_word' id='word_1_283' title='bbox 400 3393 491 3456; x_wconf 89' lang='lat' dir='ltr'><strong>Pans.</strong></span> <span class='ocrx_word' id='word_1_284' title='bbox 512 3389 559 3456; x_wconf 86' lang='lat' dir='ltr'><strong>Vl.</strong></span> <span class='ocrx_word' id='word_1_285' title='bbox 583 3390 631 3472; x_wconf 77' lang='lat'><strong>17,</strong></span> <span class='ocrx_word' id='word_1_286' title='bbox 645 3389 673 3454; x_wconf 89' lang='lat'><strong>3.</strong></span> <span class='ocrx_word' id='word_1_287' title='bbox 690 3386 844 3469; x_wconf 83' lang='grc' dir='ltr'><strong><em>Γελάσιος,</em></strong></span> <span class='ocrx_word' id='word_1_288' title='bbox 861 3384 990 3464; x_wconf 82' lang='grc' dir='ltr'><strong><em>Ἷλάσιος</em></strong></span> <span class='ocrx_word' id='word_1_289' title='bbox 1012 3396 1070 3454; x_wconf 85' lang='lat' dir='ltr'><strong>etc.</strong></span> <span class='ocrx_word' id='word_1_290' title='bbox 1098 3397 1152 3454; x_wconf 90' lang='lat' dir='ltr'><strong>aut</strong></span> <span class='ocrx_word' id='word_1_291' title='bbox 1165 3391 1287 3456; x_wconf 90' lang='lat' dir='ltr'><strong>deorum</strong></span> <span class='ocrx_word' id='word_1_292' title='bbox 1304 3395 1328 3452; x_wconf 91' lang='lat' dir='ltr'><strong>ct</strong></span> 
     </span>
     <span class='ocr_line' id='line_1_33' title="bbox 246 3482 1328 3572; baseline -0.007 -10"><span class='ocrx_word' id='word_1_293' title='bbox 246 3497 415 3562; x_wconf 80' lang='lat' dir='ltr'><strong>divinornm</strong></span> <span class='ocrx_word' id='word_1_294' title='bbox 428 3489 608 3555; x_wconf 83' lang='lat' dir='ltr'><strong>solemnium</strong></span> <span class='ocrx_word' id='word_1_295' title='bbox 622 3482 793 3568; x_wconf 80' lang='grc' dir='ltr'><strong><em>αἰλαλάξισς,</em></strong></span> <span class='ocrx_word' id='word_1_296' title='bbox 809 3483 937 3572; x_wconf 78' lang='grc' dir='ltr'><strong><em>ἀκέσιος,</em></strong></span> <span class='ocrx_word' id='word_1_297' title='bbox 954 3484 1105 3571; x_wconf 78' lang='grc' dir='ltr'><strong><em>γενέσιος,</em></strong></span> <span class='ocrx_word' id='word_1_298' title='bbox 1127 3485 1260 3570; x_wconf 76' lang='grc' dir='ltr'><strong><em>ἐλάσιος,</em></strong></span> <span class='ocrx_word' id='word_1_299' title='bbox 1286 3511 1328 3554; x_wconf 85' lang='grc' dir='ltr'><strong>κα·</strong></span> 
     </span>
     <span class='ocr_line' id='line_1_34' title="bbox 244 3581 1327 3676; baseline -0.007 -18"><span class='ocrx_word' id='word_1_300' title='bbox 244 3589 385 3676; x_wconf 79' lang='grc' dir='ltr'><strong><em>θάρσιος,</em></strong></span> <span class='ocrx_word' id='word_1_301' title='bbox 400 3589 529 3662; x_wconf 83' lang='grc' dir='ltr'><strong><em>κλείσιος</em></strong></span> <span class='ocrx_word' id='word_1_302' title='bbox 542 3587 694 3667; x_wconf 79' lang='lat' dir='ltr'><strong>(Clusius)</strong></span> <span class='ocrx_word' id='word_1_303' title='bbox 709 3585 823 3668; x_wconf 83' lang='grc' dir='ltr'><strong><em>λύσιος,</em></strong></span> <span class='ocrx_word' id='word_1_304' title='bbox 837 3582 1000 3670; x_wconf 74' lang='grc' dir='ltr'><strong><em>ὀρθώσιος,</em></strong></span> <span class='ocrx_word' id='word_1_305' title='bbox 1015 3581 1131 3670; x_wconf 81' lang='grc' dir='ltr'><strong><em>ῥύσιος,</em></strong></span> <span class='ocrx_word' id='word_1_306' title='bbox 1144 3585 1262 3674; x_wconf 76' lang='grc' dir='ltr'><strong><em>ψύξιος,</em></strong></span> <span class='ocrx_word' id='word_1_307' title='bbox 1280 3611 1327 3670; x_wconf 84' lang='grc' dir='ltr'><strong>φα-</strong></span> 
     </span>
     <span class='ocr_line' id='line_1_35' title="bbox 244 3686 1328 3776; baseline -0.009 -20"><span class='ocrx_word' id='word_1_308' title='bbox 244 3689 337 3776; x_wconf 80' lang='grc' dir='ltr'><strong><em>μήσια</em></strong></span> <span class='ocrx_word' id='word_1_309' title='bbox 362 3697 393 3754; x_wconf 90' lang='lat' dir='ltr'><strong>et</strong></span> <span class='ocrx_word' id='word_1_310' title='bbox 420 3688 569 3752; x_wconf 90' lang='lat' dir='ltr'><strong>comicum</strong></span> <span class='ocrx_word' id='word_1_311' title='bbox 594 3686 804 3767; x_wconf 76' lang='lat' dir='ltr'><strong>pernthcsia‚⁶</strong></span> <span class='ocrx_word' id='word_1_312' title='bbox 830 3695 882 3752; x_wconf 86' lang='lat' dir='ltr'><strong>aut</strong></span> <span class='ocrx_word' id='word_1_313' title='bbox 904 3693 1048 3752; x_wconf 89' lang='lat' dir='ltr'><strong>auctores</strong></span> <span class='ocrx_word' id='word_1_314' title='bbox 1073 3689 1211 3753; x_wconf 86' lang='lat' dir='ltr'><strong>novitios</strong></span> <span class='ocrx_word' id='word_1_315' title='bbox 1231 3689 1328 3752; x_wconf 83' lang='lat' dir='ltr'><strong>hahent</strong></span> 
     </span>
     <span class='ocr_line' id='line_1_36' title="bbox 246 3779 1327 3875; baseline -0.004 -19"><span class='ocrx_word' id='word_1_316' title='bbox 246 3788 382 3875; x_wconf 81' lang='grc' dir='ltr'><strong><em>αίτήσιος</em></strong></span> <span class='ocrx_word' id='word_1_317' title='bbox 407 3781 424 3852; x_wconf 86' lang='grc' dir='ltr'>ὁ</span> <span class='ocrx_word' id='word_1_318' title='bbox 445 3785 539 3850; x_wconf 78' lang='grc' dir='ltr'><strong><em>αίιῶν</em></strong></span> <span class='ocrx_word' id='word_1_319' title='bbox 561 3783 645 3850; x_wconf 83' lang='lat' dir='ltr'><strong>snid.</strong></span> <span class='ocrx_word' id='word_1_320' title='bbox 668 3779 826 3866; x_wconf 80' lang='grc' dir='ltr'><strong><em>ἕορτάσιος</em></strong></span> <span class='ocrx_word' id='word_1_321' title='bbox 853 3785 979 3867; x_wconf 81' lang='lat' dir='ltr'><strong>Gregcr.</strong></span> <span class='ocrx_word' id='word_1_322' title='bbox 1001 3784 1077 3850; x_wconf 82' lang='lat' dir='ltr'><strong>Naz.</strong></span> <span class='ocrx_word' id='word_1_323' title='bbox 1097 3781 1227 3862; x_wconf 85' lang='grc' dir='ltr'><strong><em>τελέσιος</em></strong></span> <span class='ocrx_word' id='word_1_324' title='bbox 1245 3781 1327 3870; x_wconf 68' lang='grc' dir='ltr'><strong><em>ἡμέρα</em></strong></span> 
     </span>
    </p>
   </div>
   <div class='ocr_carea' id='block_1_3' title="bbox 244 4012 1324 4156">
    <p class='ocr_par' dir='ltr' id='par_1_3' title="bbox 244 4012 1324 4156">
     <span class='ocr_line' id='line_1_37' title="bbox 310 4012 1324 4087; baseline -0.001 -20"><span class='ocrx_word' id='word_1_325' title='bbox 310 4018 339 4085; x_wconf 81' lang='grc'><strong>6)</strong></span> <span class='ocrx_word' id='word_1_326' title='bbox 357 4015 463 4076; x_wconf 69' lang='grc' dir='ltr'><strong><em>Φύξιον</em></strong></span> <span class='ocrx_word' id='word_1_327' title='bbox 481 4018 557 4085; x_wconf 66' lang='lat' dir='ltr'><strong>uper</strong></span> <span class='ocrx_word' id='word_1_328' title='bbox 575 4014 658 4070; x_wconf 88' lang='lat' dir='ltr'><strong>Noun.</strong></span> <span class='ocrx_word' id='word_1_329' title='bbox 677 4012 741 4070; x_wconf 79' lang='lat' dir='ltr'>XIV.</span> <span class='ocrx_word' id='word_1_330' title='bbox 756 4013 814 4071; x_wconf 83' lang='lat'>³22.</span> <span class='ocrx_word' id='word_1_331' title='bbox 828 4018 856 4070; x_wconf 83' lang='lat' dir='ltr'><strong>et</strong></span> <span class='ocrx_word' id='word_1_332' title='bbox 867 4014 918 4071; x_wconf 78' lang='lat' dir='ltr'><strong>ulia</strong></span> <span class='ocrx_word' id='word_1_333' title='bbox 929 4017 1036 4084; x_wconf 78' lang='lat' dir='ltr'><strong>poetice</strong></span> <span class='ocrx_word' id='word_1_334' title='bbox 1053 4023 1178 4087; x_wconf 78' lang='lat' dir='ltr'><strong>usurpata</strong></span> <span class='ocrx_word' id='word_1_335' title='bbox 1189 4017 1324 4075; x_wconf 80' lang='lat' dir='ltr'><strong>senteutiam</strong></span> 
     </span>
     <span class='ocr_line' id='line_1_38' title="bbox 244 4099 475 4156; baseline 0.004 -5"><span class='ocrx_word' id='word_1_336' title='bbox 244 4112 295 4154; x_wconf 90' lang='lat' dir='ltr'><strong>nou</strong></span> <span class='ocrx_word' id='word_1_337' title='bbox 310 4099 475 4156; x_wconf 76' lang='lat' dir='ltr'><strong>labefactant.</strong></span> 
     </span>
    </p>
   </div>
   <div class='ocr_carea' id='block_1_4' title="bbox 0 0 1396 4992">
    <p class='ocr_par' dir='ltr' id='par_1_4' title="bbox 0 0 1396 4992">
     <span class='ocr_line' id='line_1_39' title="bbox 0 0 1396 4992; baseline 0 0"><span class='ocrx_word' id='word_1_338' title='bbox 0 0 1396 4992; x_wconf 95' lang='lat' dir='ltr'><strong> </strong></span> 
     </span>
    </p>
   </div>
  </div>
 </body>
</html>
