2772 4992
230 291 302 358 ³110
576 284 898 357 utssttnuuuto
934 287 997 354 vu.

681 503 789 570 CAP.
831 503 884 572 IV.

315 647 345 716 s.
368 639 395 708 1.
437 637 526 706 Nunc
546 654 649 705 sermo
671 639 703 704 iu
724 655 793 704 cunr
814 636 963 704 deductus
985 644 1034 703 est
1050 638 1154 702 locuni
1167 643 1207 702 ιιι
1224 637 1266 704 de
1279 655 1340 704 nu-

233 739 401 804 tationibus
430 739 648 804 clementorum
676 735 892 819 exponendum
912 738 962 801 sit.
1014 737 1151 802 vocales
1176 738 1342 818 ancipites,

234 855 313 921 quae
334 836 515 918 grutturaicrn
534 836 739 919 praecedunt,
761 836 940 918 pierumque
961 836 1073 902 breves
1094 843 1175 900 sunt
1225 836 1343 918 Hippo-

233 955 296 1002 nur
324 945 426 1002 tarneu
451 935 568 1000 Fuit.
595 930 758 1018 φαρμακός
785 943 832 1000 ιιι
859 943 1029 1017 quaterque
1057 937 1104 1000 sic
1124 938 1300 1017 usurparit
1317 943 1344 998 nt

235 1035 364 1102 nediunr
385 1033 582 1116 protenderet
607 1035 658 1098 rei
684 1050 855 1099 consonare
883 1034 1065 1115 geminando
1087 1043 1118 1098 ιι
1138 1029 1301 1098 Qec
1318 1041 1344 1097 ct

235 1131 337 1218 ιακγή,
369 1133 418 1198 vel
440 1132 641 1214 productione
661 1133 797 1214 vocalis,
830 1133 868 1198 de
895 1149 957 1215 qna
977 1133 1183 1214 Harpocratio
1219 1152 1250 1199 s
1272 1135 1344 1198 br.

236 1234 378 1300 disserit:
414 1230 552 1312 Διόυμος
579 1232 793 1318 amenopis
813 1224 896 1308 ἀξιοῖ
919 1227 1058 1313 τοῦνομα
1086 1224 1147 1296 ἀλλ’
1175 1226 1275 1313 ἡμεῖς
1295 1226 1345 1312 or'q

235 1327 423 1414 εὑρίσκομεν.
458 1329 625 1412 Peregrina
644 1330 780 1410 requam
800 1329 988 1411 detrectant3
1008 1345 1079 1395 nan
1097 1326 1245 1414 ὃανάκης
1260 1332 1345 1413 aipbu

236 1433 361 1511 longum
381 1429 482 1510 babet,
504 1427 560 1493 scd
584 1423 753 1511 Φαρνάκης
771 1429 866 1494 Arist.
886 1429 964 1492 Aur.
989 1428 1076 1494 1025.
1098 1429 1197 1494 breve
1220 1439 1260 1495 ιιι
1281 1436 1345 1494 Δα-

236 1525 334 1612 δάκης
353 1527 465 1593 tason.
486 1527 572 1591 Pers.
594 1525 664 1592 309.
686 1526 798 1592 Otaces
819 1527 919 1594 Valer.
940 1527 1039 1592 ilaec.
1060 1529 1107 1592 Vi.
1132 1529 1204 1594 tuo.
1238 1532 1344 1612 hisque

237 1630 343 1696 notius
364 1629 510 1708 Arsaces,
531 1641 647 1707 anceps
662 1621 870 1710 Φαρανδάκης
881 1643 909 1690 ι.
922 1626 1051 1708 interpr.
1071 1627 1247 1694 arneson.
1263 1631 1344 1695 Pers.

239 1746 267 1794 r.
289 1727 338 1792 31.
366 1719 539 1807 Ταρράκαν
567 1724 622 1788 sit.
644 1722 710 1789 ital.
730 1724 779 1789 iii.
801 1724 872 1789 369.
901 1726 1121 1805 pronunciatur
1144 1733 1178 1789 ιιι
1200 1730 1345 1794 moscus

238 1827 288 1892 iil.
308 1825 377 1890 362.
406 1830 437 1888 ot
465 1818 626 1901 σαλάκων,
657 1818 796 1902 asperet
816 1839 891 1886 vero
919 1831 952 1887 ut
972 1821 1105 1904 τριακάς.
1147 1827 1222 1891 lota
1251 1831 1345 1892 variat

241 1943 304 1990 ror
329 1922 457 2006 μυρίκη,
493 1917 550 1986 cui'
564 1921 646 2002 quod
664 1919 832 2002 respondet
849 1922 881 1984 in
905 1921 1002 1987 attero
1022 1941 1166 1990 somene
1187 1931 1343 2008 tamaris,

239 2021 614 2103 Lericograpnivooalom
634 2021 666 2083 in
679 2020 833 2084 declinata
850 2021 1007 2100 corripere
1026 2023 1186 2108 affirmant,
1211 2043 1278 2108 qno
1291 2046 1344 2092 eu-

240 2130 327 2188 utore
348 2122 456 2186 nescio
478 2119 534 2184 sed
555 2117 680 2183 credere
701 2135 765 2182 non
784 2119 895 2182 abnuo.
944 2119 1064 2185 Ceteris
1090 2122 1185 2188 breve
1218 2135 1271 2191 est
1291 2127 1345 2191 nisi

240 2220 363 2306 wando
384 2235 440 2301 per
460 2219 635 2282 insitionem
655 2218 783 2281 increvit
803 2225 836 2280 ut
854 2212 1008 2301 ακάριφος
1028 2221 1162 2302 paullum
1182 2227 1282 2292 niodo
1300 2228 1344 2291 di-

241 2327 304 2388 stat
326 2337 345 2383 u
364 2312 500 2400 κάρφος,
529 2311 652 2396 τάριχος
672 2333 691 2379 o
710 2312 837 2397 τάρχος,
866 2315 946 2380 undc
967 2317 1105 2384 derivata
1123 2323 1300 2406 ταριχεύειν
1319 2333 1345 2390 ct

240 2414 383 2502 ααρχάεια
410 2423 524 2481 tantum
550 2417 628 2478 iuter
655 2431 691 2478 se
713 2414 853 2480 differunt
880 2422 1025 2494 quautnrn
1044 2418 1138 2482 latina
1161 2426 1297 2491 condire
1317 2433 1343 2489 et

243 2519 394 2600 eaodem,
420 2510 571 2597 ταρχηρός
587 2521 685 2578 autern
707 2515 739 2577 iu
763 2514 858 2595 Sopb.
880 2514 1033 2594 Triptlv.
1049 2534 1180 2597 prorsus
1201 2524 1343 2590 nibiidii·

243 2620 303 2684 iert
324 2635 341 2681 a
362 2609 533 2696 ταριχηρός,
553 2613 636 2693 quod
658 2613 729 2676 olirn
750 2613 800 2676 bic
821 2610 1023 2679 scribebatur.
1050 2616 1094 2680 De
1115 2618 1216 2684 latino
1241 2627 1343 2689 cetico

242 2718 294 2782 rin
321 2713 480 2795 dijudicari
500 2718 606 2793 potest
626 2718 725 2776 atrurn
748 2729 767 2775 a
787 2707 893 2793 φύσκη
916 2718 1014 2776 ortum
1035 2716 1077 2778 sit
1098 2733 1137 2779 an
1159 2737 1178 2782 a
1200 2719 1343 2806 φύσιγξι

242 2817 308 2882 Nec
328 2814 439 2879 desunt
468 2811 622 2875 contrariu
649 2811 807 2874 exaeresis
837 2811 986 2891 exemplu.
1026 2813 1233 2895 alphaenae
1256 2825 1343 2888 remi-

244 2918 351 2980 serunt
370 2907 467 2994 τάρχη
487 2904 608 2992 (ταρχὴ)
629 2904 753 2992 τάραξις
772 2909 845 2973 Hes,
864 2909 1037 2989 tcpyutustu
1053 2910 1227 2999 ταράττειν,
1251 2917 1343 3002 breq-

242 3035 296 3098 χος
316 3008 477 3094 ἀαάραχος,
499 3006 687 3089 eandemque
707 3009 825 3073 literam
845 3007 902 3072 sed
921 3010 954 3072 iu
975 3019 1061 3090 parte
1077 3015 1227 3081 vocabuli
1245 3023 1342 3100 priore

244 3119 421 3178 exeruerunt
432 3109 541 3176 Graeci
560 3104 691 3189 θράσσει
712 3108 848 3173 dicentes
863 3123 919 3188 pro
934 3105 1087 3188 ααράασω.
1110 3115 1262 3182 Similiter
1275 3123 1343 3200 pub

243 3207 307 3288 κός,
329 3211 412 3293 quod
431 3208 603 3287 Hesychius
621 3207 708 3271 aiiert
728 3223 784 3288 pro
808 3202 953 3288 μαλακός,
975 3208 1067 3290 alpha
1080 3215 1253 3281 sccundnnr
1270 3221 1342 3282 anri-

245 3313 302 3390 sit,
325 3305 399 3392 βλάξ
418 3307 449 3371 id
471 3302 832 3402 efficiamini&
853 3305 965 3400 Par-Q
976 3306 1025 3373 bs.
1046 3312 1161 3393 quippe
1184 3331 1202 3378 a
1224 3315 1341 3381 diversa

245 3409 350 3489 specie
371 3407 475 3489 stirpis
496 3409 557 3487 pat
577 3413 608 3469 et
628 3407 686 3487 pta
707 3412 740 3468 ιιι
759 3425 818 3484 cup
839 3412 868 3468 et
890 3412 964 3484 upa.
1005 3408 1053 3472 Ab
1076 3409 1179 3492 ellipsi
1200 3422 1235 3478 ct
1255 3418 1341 3498 pleo-

244 3523 353 3571 nasmo
376 3513 498 3569 transeo
522 3504 561 3569 ad
581 3505 776 3587 metalepsin:
798 3498 916 3566 ἁλυκόν
936 3498 1080 3588 ιἀαιμῶς,
1101 3501 1213 3574 άιικόν
1234 3516 1341 3588 κοινῶς

245 3608 340 3670 bioer.
361 3598 494 3678 άστυκός
514 3604 669 3668 Demostb.
692 3603 780 3667 1274.
805 3604 877 3682 urs.
897 3602 968 3686 590,
989 3603 1017 3669 9.
1046 3606 1139 3672 Thac.
1161 3612 1197 3676 V.
1219 3613 1269 3679 20.
1295 3615 1340 3678 ubi

246 3704 334 3770 codd.
361 3705 461 3768 rniuns
488 3703 609 3784 probati
637 3695 761 3775 ἀστακός
792 3703 950 3782 praebent.
997 3703 1075 3770 Huic
1101 3711 1230 3789 ypsiitrn
1258 3715 1340 3796 quasi
1379 3689 1380 3698 ά

314 3961 342 4028 1)
360 3959 472 4030 Hesycb.
491 3958 583 4028 ἐρίκεα
600 3956 763 4029 φράγματα,
781 3961 884 4028 ἰρίκιας
901 3960 1035 4033 φραγμοῦ
1051 3977 1098 4030 pro
1120 3961 1221 4034 ἕρκεα,
1245 3966 1336 4037 ἕρκεας.

245 4041 329 4111 Supra
348 4041 482 4113 ἐραγάται
502 4044 621 4112 ejusdem
637 4044 824 4113 interpretabar
844 4041 964 4119 εἷρκααι,
988 4045 1087 4114 (polos
1111 4045 1142 4098 τὸ
1168 4047 1283 4120 δράγμα
1299 4051 1335 4108 vei

246 4124 364 4198 φράγμα
382 4140 429 4195 pru
447 4125 560 4198 εἱργμός
577 4126 697 4184 tortasse.
