2770 4992
236 268 290 336 nn
312 267 405 333 nur.
429 219 759 332 innumerosis.
796 266 900 334 c.1n.
928 274 959 344 s.
974 269 1003 336 c.
1128 271 1174 338 nt

67 434 149 500 ludu
162 439 285 516 carent,
305 449 371 498 non
390 431 492 498 solnm
513 449 593 513 quiae
613 430 666 496 illo
686 433 839 513 agnocat
860 433 917 500 sed
934 435 1026 502 etiarn
1037 435 1173 504 dhonon

65 537 223 616 mate
243 533 374 596 sexibus
397 532 578 611 Antiochus
598 531 758 612 Antioc-ce
780 539 839 596 etc.
861 548 921 596 nco
939 536 1172 618 aequiparande

64 635 105 700 his
126 650 211 715 qnae
234 630 276 695 nd
297 629 413 712 aliquid
432 627 516 693 dicta
535 635 687 693 vocantur
702 623 836 713 ἀδελφός
855 624 984 716 ἀδελφή,
1005 633 1063 698 sod
1081 633 1172 700 siml..

64 733 101 797 lia
120 741 228 798 lamen
250 729 386 794 ut¹idnm
402 727 481 793 dicit
496 729 529 790 V.
547 728 575 811 1,
588 728 609 793 3
624 728 714 810 (lor)
735 735 812 794 sunl
833 732 903 796 ullo
924 735 1021 815 quea
1039 733 1173 800 modilia

1 855 2 858 ¹
63 850 156 914 aum
185 849 207 894 n
235 846 274 893 se
300 843 367 892 oon
394 844 415 892 n
440 828 628 891 masculinis
655 827 813 916 lucaniae
830 831 1173 898 0000010110)-

1 923 2 932 ³
62 931 150 994 lenus
170 929 309 1006 Heleno,
330 924 469 989 Danaus
483 924 618 1006 Pence,
647 927 832 1008 liderlilrc,
854 928 935 1008 tila
954 929 1040 1009 fidrc
1053 936 1092 994 et
1110 931 1173 996 an

1 1023 2 1026 ’
62 1037 175 1110 manto
197 1033 275 1108 post
297 1025 371 1090 Vlll.
395 1024 443 1105 10,
462 1023 506 1088 58
526 1024 615 1106 (401)
643 1027 897 1108 snenetrtinerac
916 1029 1119 1110 sicmfioclio
1136 1033 1173 1094 in
1257 1047 1259 1054 ⁴

61 1127 222 1192 sindicus
236 1126 401 1189 innomine
421 1123 561 1204 condes,
585 1124 665 1189 liber
677 1125 769 1205 liora
793 1125 912 1191 Yutdes
928 1127 1039 1212 lollio,
1056 1123 1178 1192 iterat-³

62 1245 118 1309 que
134 1227 269 1309 propria
280 1241 345 1287 non
361 1238 434 1286 esse
449 1223 632 1286 naturaliter
645 1223 773 1288 mobilia
790 1224 846 1290 sed
861 1241 900 1289 err
913 1242 949 1291 so
965 1229 1061 1293 nasci.
1085 1228 1180 1306 ane'

61 1326 225 1390 sententia
247 1321 329 1388 unde
350 1322 471 1388 duxerit
494 1319 588 1388 docet
609 1322 713 1389 Schol.
735 1323 824 1389 Dion.
847 1324 977 1402 orcum..
996 1345 1026 1408 o·
1045 1327 1118 1396 ato.
1140 1328 1172 1394 ot

1 1423 2 1426 '
61 1421 189 1490 στωικοὶ
202 1418 244 1506 τὰ
261 1417 356 1506 κύρια
371 1414 494 1503 λέγουσι
506 1413 548 1502 μὴ
565 1417 643 1502 ἔχειν
654 1416 787 1504 θηλυκά.
827 1423 978 1506 Exempla
991 1443 1067 1490 voro
1083 1428 1173 1499 Pris-

61 1524 171 1592 cianus
193 1539 303 1606 parum
325 1528 398 1603 apte
420 1521 628 1602 conpararit3
656 1537 725 1584 nam
742 1523 928 1604 appellativa
942 1525 1005 1590 ista
1019 1542 1095 1598 casu
1111 1528 1173 1597 ali-

61 1630 137 1705 quot
166 1621 276 1688 literas
300 1617 428 1685 casdern
451 1617 566 1683 habent
586 1625 620 1682 ut
642 1612 736 1694 ἀσκός
755 1615 851 1706 duaa,
879 1617 984 1698 accedo
1003 1625 1111 1706 aleca,
1140 1634 1178 1697 et-

62 1727 217 1786 sexcenta
237 1718 413 1800 huiusmodi
432 1735 512 1799 quac
537 1719 671 1785 scrutari
692 1718 1053 1803 desidiosaecujusdanr
1080 1727 1180 1795 luerit·

63 1821 264 1900 sedulitatis;
306 1819 434 1902 propria
466 1834 542 1882 uero
577 1820 748 1882 communis
778 1821 906 1900 originis
933 1823 1074 1908 vinculo,
1090 1880 1093 1890 .
1109 1843 1177 1907 quc·

64 1921 169 1983 omnin
191 1923 369 2002 conjugata,
389 1919 469 1982 inter
491 1934 526 1980 se
549 1923 622 1998 apta
644 1925 674 1981 et
697 1935 838 1984 connexa
859 1927 940 1984 sunt.
983 1921 1046 1988 Sed
1067 1939 1173 1995 wcutn

62 2019 143 2081 ratio
168 2015 299 2098 duplex;
333 2033 403 2080 narn
431 2016 483 2080 ubi
513 2015 626 2080 diversi
653 2017 793 2081 homines
816 2017 925 2082 eodem
946 2021 1069 2088 nomine
1091 2037 1173 2086 nun·-

64 2123 219 2198 cupantur
247 2117 375 2196 fortuitu
397 2115 541 2196 nullaque
561 2117 642 2178 inter
663 2132 699 2178 se
721 2117 935 2182 communione
956 2119 1080 2198 generis
1101 2137 1173 2190 mo*

63 2232 186 2298 rumve,
219 2204 417 2292 hornonymia
438 2220 503 2296 est,
533 2221 567 2278 ut
587 2214 759 2279 masculina
781 2217 961 2300 Sostratus,
987 2216 1173 2302 Alexander,

64 2316 109 2378 sic
133 2314 280 2378 feminina
301 2314 461 2396 Sostrata,
483 2313 668 2378 Alexandra.
712 2315 773 2382 Sed
795 2316 868 2398 quia
888 2317 940 2398 qui
963 2317 1094 2384 nornine.
1109 2334 1174 2384 non

63 2413 251 2476 habentibus
263 2413 440 2493 imposituri
450 2420 538 2496 sunt,
560 2415 739 2495 plerunque
754 2431 793 2478 ex
806 2414 947 2496 proximo
962 2423 1097 2500 sumunt,
1115 2435 1174 2484 ea·

65 2511 133 2575 darn
156 2503 329 2592 paronyina
350 2529 422 2578 esse
443 2519 577 2595 possunt
598 2519 631 2576 ut
652 2514 681 2578 si
700 2514 752 2593 qui
769 2531 896 2578 avorum
910 2523 1173 2597 acceperuntnc-

66 2627 136 2674 men
151 2603 331 2684 Ἱππόνικος
351 2613 492 2676 Καλλίου
511 2605 568 2690 κάξ
583 2605 765 2676 Ἱππονίκου
788 2614 965 2700 Keil-ius,³²
985 2613 1171 2696 rainhalin

67 2728 127 2792 quc
156 2710 288 2773 honoris
318 2715 348 2773 ol.
375 2711 541 2776 memoriae
570 2712 670 2792 gratia
698 2713 866 2795 nuncupati
893 2718 966 2777 sunt
992 2732 1020 2778 v.
1047 2715 1173 2795 Luciam

68 2809 140 2874 Tim.
163 2816 194 2884 s.
212 2807 267 2873 52.
286 2811 416 2876 feminae
438 2828 457 2874 a
477 2811 613 2874 maribus
640 2816 672 2874 et
697 2818 821 2895 contra,
856 2819 890 2876 ut
915 2812 1050 2892 Hedylus
1076 2822 1174 2896 poeta

69 2907 144 2973 filius
166 2906 306 2987 Hedylae
328 2908 439 2974 Athen.
460 2909 522 2975 Vll.
544 2909 614 2974 297.
634 2911 668 2974 B.
685 2903 874 2993 ‘Aliooce'ietc
889 2901 1088 2996 ‘fldcociiouo
1107 2917 1173 2978 θυ-

1 3027 3 3050 i
66 3002 162 3091 γάιηρ
183 3006 292 3070 lambi.
314 3006 348 3070 V.
369 3005 455 3088 Pyth.
476 3007 606 3072 XXXVI.
628 3008 689 3073 219
710 3010 798 3092 (532)
818 3003 1033 3093 Ἀριστοτέλεια
1045 3012 1173 3075 Aristo-

67 3107 136 3170 telis
158 3106 223 3169 lilia
243 3105 335 3170 Anth.
356 3105 404 3170 Vh
425 3105 496 3173 206.
513 3101 659 3190 Ἀντιοχίς
679 3110 824 3172 Antiochi
851 3111 982 3192 Appian.
1005 3111 1073 3188 Syr.
1096 3128 1121 3174 o.
1143 3113 1172 3177 h.

65 3205 238 3286 Pythodori
269 3206 460 3287 Πυθοδωρίς
489 3207 590 3271 Strab.
611 3205 688 3288 xlv„
709 3206 778 3272 olo.
808 3208 966 3273 Menandri
993 3209 1174 3292 Mevavdoig

64 3306 160 3370 lusor.
183 3303 275 3369 2843.
304 3304 510 3385 Asclepiades
527 3297 710 3388 Ἀσκληπιάς
730 3324 759 3371 n.
783 3307 871 3372 1001.
896 3308 1043 3382 Χειλωνίς
1065 3309 1173 3374 Chilo-

65 3407 111 3470 nis
133 3404 245 3469 larnhl.
272 3404 297 3488 l,
313 3421 339 3468 e.
361 3403 493 3469 Procula
513 3405 637 3469 Proculi
657 3405 748 3470 Anth.
768 3407 847 3487 App.
868 3423 897 3472 n.
918 3407 985 3472 172.
1007 3407 1173 3474 Nausiclea

64 3504 223 3570 Nausiclis
244 3501 364 3568 Heliod.
385 3503 433 3566 VI.
456 3503 503 3568 18.
532 3504 724 3584 Agathoclea
744 3505 925 3584 Agathoclis
947 3524 1043 3571 soror
1062 3507 1172 3571 lustin.

65 3604 156 3670 XXX.
179 3621 207 3668 c.
228 3602 278 3668 21.
305 3602 462 3666 Philoclen
483 3602 629 3667 Philoclis
651 3602 742 3683 dorp.
763 3605 962 3670 lnscr.105d.
983 3606 1171 3670 Phronlonis

67 3705 202 3768 rhetoris
226 3701 413 3782 denuncio·
429 3701 512 3767 Suid.
534 3719 560 3766 s.
584 3696 738 3783 Φρόντων
748 3707 760 3782 ,’
778 3704 965 3768 Aristotelis·
981 3706 1077 3768 irater
1096 3706 1172 3769 Ari-

69 3810 226 3886 rnnestus,
258 3816 352 3866 soror
378 3802 554 3866 Arimneste
575 3801 607 3864 in
627 3802 686 3866 Vit.
708 3803 802 3867 Arist.
825 3820 843 3866 a
863 3803 1005 3885 Menagio
1029 3802 1111 3867 edita
1133 3802 1172 3868 ad

135 4035 181 4104 32)
206 4033 270 4088 Eun.
288 4031 404 4096 Phoonn.
421 4034 480 4092 769.
505 4037 642 4087 Μενοικέα
665 4032 716 4085 nori
736 4034 839 4101 πατρὸς
861 4030 1058 4099 αὐτεπώνυμον
1079 4030 1107 4085 id
1131 4035 1172 4086 osi

75 4115 216 4189 ὅμώνυμον
232 4117 322 4174 ochoi.
842 4141 843 4144 ¹
