2788 4994
204 267 255 333 on
278 265 373 333 non.
396 249 954 341 rattt:ttllcltrt.lNeTel²U1tUnt.
979 275 1008 343 ς.
1026 270 1055 336 3.
1122 272 1193 342 tot

54 433 244 518 proprium
271 439 301 497 et
328 430 511 512 adjectivum
531 427 633 505 πολιός
654 432 720 496 sive
739 427 856 506 πολλός.
906 433 992 498 llaeo
1011 451 1112 517 neque
1133 439 1192 504 ad-

49 533 200 613 jectiva
226 537 300 596 suut
325 547 426 611 neque
459 529 653 594 substantiva
680 530 736 594 sed
763 531 893 596 medium
920 534 1001 596 inter
1029 541 1191 618 utrumque

54 632 187 695 looum
209 635 313 694 tenent
335 629 473 692 similiter
494 627 556 692 illis
579 645 657 709 quae
676 629 852 695 attributiva
873 647 1031 715 vocemus,
1052 630 1190 719 ἱππότης,

58 723 189 811 σωτήρ
205 736 260 793 ete.
288 728 400 792 Verum
419 727 481 790 hoo
501 724 585 808 quod
604 733 713 790 natura
733 727 824 792 lixum
845 736 894 792 est
915 728 1080 796 discrimen
1093 750 1190 817 serpo

60 828 253 910 evanescit,
275 833 308 890 ut
330 825 489 907 Oppianus
511 826 637 908 piscem,
660 825 710 890 oni
730 843 842 892 nomeu
864 820 1031 908 αὐλωπίας,
1052 847 1116 896 nou
1130 850 1189 898 re·-

61 929 157 991 ritns
183 932 231 990 est
253 917 402 990 αόλιτπόν
422 923 541 1003 dieere;
566 925 598 986 in
620 923 724 990 Sohol.
746 924 802 992 od.
825 923 875 990 xl.
897 925 946 994 58
968 923 1029 992 σόα
1047 925 1189 1017 inerup-

60 1026 191 1108 τομίας
217 1017 236 1088 ὁ
256 1017 366 1106 λόγος,
392 1023 442 1088 oui
462 1022 645 1087 simillimum
667 1029 716 1088 est
735 1019 828 1106 λόγος
846 1027 1037 1108 πλασματίας
1054 1029 1188 1098 aristot.

64 1123 113 1188 de
140 1122 218 1188 Gen.
239 1123 370 1187 Animm.
391 1120 427 1184 ll.
452 1119 479 1184 ί.
503 1137 532 1200 p.
557 1120 626 1203 734,
648 1120 698 1186 33.
719 1127 751 1186 et
770 1118 862 1205 λόγος
888 1127 1095 1209 καυχηματίας
1115 1130 1187 1196 Sele

64 1223 107 1288 lt.
132 1221 214 1286 Xlll.
234 1220 304 1286 374.
326 1221 354 1284 si
374 1213 521 1301 κίρτομος
540 1218 707 1303 legeretur,
735 1223 862 1302 perinde
883 1226 979 1304 leret,
1008 1242 1067 1291 neo
1086 1227 1187 1295 miuus

67 1320 214 1384 dixisset
242 1319 459 1400 Theognostus
488 1318 520 1381 in
540 1318 639 1383 Praei.
661 1337 691 1400 p.
715 1319 742 1385 1.
771 1321 798 1385 si
820 1339 876 1403 pro
899 1318 959 1406 ίγιίι
990 1317 1008 1387 ό
1033 1321 1187 1408 τολμηρός

68 1415 131 1482 καὶ
154 1412 313 1492 αόθαᾶίας
332 1435 409 1482 urus
430 1417 542 1482 luisset
562 1415 724 1501 adjectivo,
745 1420 857 1501 uixque
878 1437 937 1487 usu
954 1425 1103 1489 veniotut
1115 1417 1186 1504 ὀξα-

69 1523 186 1600 nopes
214 1525 245 1584 et
275 1510 462 1598 ὀξνθνμίας,
499 1512 689 1598 στρογγύλος
715 1526 747 1581 ot
774 1521 973 1600 σεροχγυλίας
986 1522 1013 1564 ¹²
1038 1523 1119 1587 inter
1149 1542 1186 1592 se

72 1619 250 1700 permutari
278 1614 499 1697 nonpossint.
552 1615 808 1696 impositioiorum
841 1620 1027 1684 veronulla
1055 1639 1187 1702 prorsus

73 1723 130 1782 est
152 1716 322 1781 distinotio.
362 1714 440 1779 Nam
461 1712 545 1793 quod
565 1713 683 1778 Coraes
704 1713 743 1778 etl
758 1715 904 1797 llippoor.
919 1735 948 1798 p.
964 1718 1035 1785 327.
1057 1722 1188 1788 adlrmnt

78 1811 228 1894 Πυόρίας
247 1822 278 1878 et
300 1811 442 1886 Ξανθίας
462 1829 534 1876 esse
555 1827 716 1876 servorum
735 1813 860 1876 nomina
881 1817 971 1894 quasi
991 1816 1186 1904 deminution,

75 1914 230 1980 refellitur
250 1914 352 1977 multis
374 1911 452 1976 loeis
474 1910 526 1975 ulri
545 1910 692 1990 Bprrlrias
711 1916 742 1974 et
758 1909 900 1976 dlaueies
913 1913 1187 1993 ingenuorumno-

76 2013 164 2076 mina
185 2018 266 2078 sunt.
303 2012 497 2093 quuaenem
520 2025 614 2092 porro
637 2008 794 2073 distinctio
814 2025 887 2074 esse
909 2018 1014 2092 potest
1034 2014 1188 2080 substau-

77 2112 215 2175 livorum
246 2113 415 2194 στρουθίας
442 2116 473 2174 et
500 2109 656 2191 στροῦθος
683 2108 767 2174 Com.
794 2107 841 2174 Fr.
866 2109 914 2172 lV.
941 2107 1011 2176 647.
1038 2113 1188 2195 οπογγίας

81 2216 114 2274 εί
142 2207 296 2292 σπόγγος,
327 2215 358 2274 et
384 2211 417 2273 in
444 2207 561 2289 Geopp.
590 2207 653 2272 XX.
675 2207 724 2273 27.
745 2202 866 2289 κόχλον
884 2200 943 2290 τὴν
962 2205 1064 2291 σόρκα
1082 2207 1187 2296 λαβὼν

80 2304 199 2388 elatioris
224 2306 267 2393 μὴ
286 2302 503 2392 ἀποχρώμενος
522 2306 566 2394 τῷ
586 2300 706 2388 μεγέθει
725 2307 783 2370 τοῦ
803 2306 943 2388 κοχλίου,
971 2310 1188 2394 nominumque

80 2409 121 2474 ab
143 2407 298 2489 Hesychia
321 2411 555 2489 conjunctorum
573 2398 724 2488 Ἀγγελίας
744 2399 892 2487 όγγιλοςί
926 2406 994 2471 Nisi
1014 2409 1084 2489 quis
1105 2410 1187 2476 torte

81 2505 194 2572 dixerit
221 2507 346 2589 nepteo
373 2523 445 2571 esse
471 2504 637 2586 genitivum
659 2503 835 2568 deminutiri
853 2504 991 2586 κοχλίου,
1019 2507 1102 2588 quod
1123 2525 1188 2576 non

83 2605 250 2688 reperitur,
277 2605 523 2686 llespolrinmque
545 2608 576 2667 et
597 2602 849 2668 Choerobosounr
871 2603 965 2669 Gaias.
985 2605 1007 2669 l.
1030 2605 1100 2671 227.
1124 2608 1187 2672 ial-

84 2720 151 2768 sem
172 2704 295 2783 genitivi
321 2703 469 2768 lromerioi
488 2703 771 2784 interpretationem
792 2703 890 2784 sequi.
932 2702 1080 2769 Diderunt
1100 2713 1186 2771 oerte

84 2803 192 2868 neseio
219 2802 292 2884 quid
319 2802 350 2868 οί
375 2801 493 2884 κοχλίαι
518 2797 571 2866 καί
596 2799 627 2864 oi
653 2795 757 2883 κόχλον
777 2802 905 2866 Aristot.
928 2802 964 2867 ll
984 2802 1063 2868 dun.
1083 2804 1183 2870 ild

86 2908 118 2968 et
136 2903 228 2982 longe
247 2903 379 2968 maxima
399 2918 472 2984 pars
494 2916 616 2983 eorum,
645 2917 724 2982 quae
752 2917 772 2965 a
792 2900 992 2968 substantivis
1014 2918 1185 2982 proeesse-

85 3007 170 3084 runt,
196 2999 349 3066 diversam
374 2999 488 3064 habeut
509 3015 529 3062 a
548 2999 724 3080 prototppis
744 2999 1011 3080 signiioetiononr3
1038 3002 1186 3069 nonnulla

84 3100 311 3166 assimilativum
344 3100 516 3183 Στημονίαι
544 3097 677 3162 κίκιννοι
704 3101 769 3172 τοῖς
796 3095 947 3183 στήμσσιν
980 3094 1083 3180 ὅμοιοι
1109 3100 1184 3166 Hes.

88 3193 253 3274 ἀλωπεκίας
280 3201 319 3284 τῇ
345 3195 445 3282 γεύσει
466 3194 573 3280 ὅμοιος
592 3198 637 3284 τῷ
656 3197 787 3283 χερσαίῳ
808 3193 875 3284 {eim
896 3193 946 3264 διὸ
964 3194 1093 3264 καὶτοῦ
1113 3192 1184 3264 ὀνό-

87 3319 179 3382 ματος
197 3292 301 3380 ἔτυχεν
317 3299 447 3364 Aristot
468 3297 608 3379 aliusque
630 3298 726 3380 pisois
746 3296 786 3361 ob
809 3297 945 3362 oelorenr
966 3297 1032 3364 evis
1053 3296 1184 3364 similem

88 3397 229 3480 κοραιίας
256 3399 436 3480 nominatur,
456 3413 567 3461 searus
587 3390 682 3476 όυίας,
704 3389 792 3470 ἀετὸς
811 3397 939 3471 κιανίας
958 3389 1184 3476 ὀνομαζόμενος

89 3491 199 3573 ἐοικός
217 3491 324 3583 κύκνῳ
350 3490 507 3577 λευκότητι
532 3496 625 3560 Pons.
652 3497 759 3576 galeus
781 3495 941 3559 maculosa
961 3501 1031 3558 oute
1051 3493 1182 3574 insignis

90 3595 203 3680 νεβρίας
231 3601 260 3660 εί
280 3587 433 3677 ἀστερίας,
463 3593 545 3675 quod
575 3593 725 3674 adjective
752 3592 812 3658 diei
839 3597 963 3674 poterat
990 3586 1184 3676 ἀστεροειδής

91 3697 166 3762 sieut
191 3693 223 3756 in
242 3693 371 3759 Aristot.
392 3693 494 3757 Probi.
516 3693 564 3758 lv.
584 3691 633 3758 26.
654 3709 684 3774 p.
706 3690 776 3758 879.
798 3691 827 3756 b.
848 3690 877 3756 8.
906 3688 936 3753 ot
962 3683 1105 3774 εὐνοῦχοι
1129 3687 1182 3756 καί

156 3935 197 4003 12)
220 3931 367 4002 Hesychius
392 3931 594 4001 Λαστρυγνλίας
616 3930 692 3986 λίθος
714 3927 905 3997 τετριμμένος,
931 3926 976 3981 ubi
1000 3925 1181 3982 Ruhnkeuius:

95 4026 158 4074 certe
171 4023 208 4071 ert
225 4017 366 4070 emendatio
392 4015 557 4086 στρογολίας
582 4043 613 4056 --
638 4013 806 4083 τετρημένος.
842 4009 945 4066 Certior
961 4016 1002 4066 ost
1016 4009 1066 4068 λᾶε
1084 4023 1180 4080 στρσγ-
1263 4041 1273 4064 ι

94 4103 185 4172 γνλίσς,
203 4114 255 4170 qtto
272 4101 332 4168 ipso
348 4099 428 4154 ttiiittt
444 4095 602 4168 Στραβαλός
618 4094 632 4152 ό
651 4093 829 4165 στρεγγνλίας
844 4095 999 4165 ἅνθρωπος.
