2768 4994
228 273 298 342 itt
573 266 901 336 utssttttusito
938 267 989 336 IX

230 440 324 518 mooe
342 433 490 518 plurimis
509 434 651 518 [omrem
665 433 891 515 simpliciorem
904 451 976 499 esse
986 434 1245 517 praeferendam
1258 441 1340 504 sctis

231 537 486 602 demonstratum
507 537 566 598 est.
595 531 702 612 Quare
722 532 948 597 coeremitas
966 534 1157 616 plerumque
1176 537 1339 602 codicibus

232 635 420 702 constanter
439 634 627 712 scripsimus
648 629 802 714 Κηφισός,
827 627 1004 716 Παρνασός,
1022 628 1169 710 Κνωσός,
1190 633 1339 716 Λάρισος,

226 725 456 814 Ἆιικορυσσός,
481 725 651 812 Περμησός,
666 732 770 813 Κρῖσσ
784 737 842 795 etc.
856 730 889 794 id
904 729 1027 811 quidem
1042 733 1173 812 saepius
1187 733 1223 795 iu
1238 741 1340 798 trans-

231 835 277 898 itu
296 850 315 898 u
335 831 410 896 uiris
432 829 534 894 doctis
555 828 734 894 adnotatum
756 828 812 893 sed
833 846 853 892 a
872 829 994 893 nemine
1010 833 1099 910 justa
1126 829 1339 912 disputatione

231 933 472 998 demonstratum
494 934 550 1008 est,
571 933 718 1008 quantum
739 926 778 992 ad
800 927 877 990 hace
899 926 1020 1008 quidem
1042 927 1203 994 vocabula
1224 933 1339 1014 attinet,

232 1031 271 1098 dc
291 1029 404 1112 quibus
423 1041 505 1090 nunc
532 1026 641 1105 agitur.
684 1025 821 1102 Quorum
845 1027 898 1088 vix
926 1041 1018 1090 unum
1046 1035 1095 1090 est
1122 1029 1156 1092 in
1184 1047 1254 1112 qun
1282 1047 1341 1096 non

231 1127 301 1194 libri
322 1125 395 1192 boni
415 1125 455 1188 ab
477 1139 575 1204 aeque
596 1123 688 1188 bouis
708 1130 760 1186 aut
779 1123 811 1186 in
832 1123 931 1203 signa
950 1129 1003 1188 aut
1029 1125 1061 1189 in
1088 1137 1228 1192 accentu
1249 1129 1341 1194 dissi-

232 1225 324 1290 deant
345 1229 399 1288 ant
418 1223 450 1286 in
470 1227 610 1302 utroque.
652 1221 828 1302 Eademque
848 1238 1039 1288 nummorum
1058 1231 1109 1288 est
1126 1225 1341 1310 discrepantia

232 1332 263 1390 et
282 1322 525 1402 inscriptionum.
568 1319 655 1385 Unde
673 1322 764 1402 igitur
792 1327 917 1385 constat
940 1313 1177 1403 Ἆιασρνσσός,
1215 1331 1340 1410 lim

232 1416 287 1496 ode
314 1427 345 1484 et
369 1413 532 1501 Περμησός
563 1420 609 1483 sio
637 1420 742 1500 potins
764 1419 858 1484 scribi
880 1427 1040 1504 oportere,
1056 1440 1150 1502 quan
1172 1432 1210 1488 ut
1234 1426 1341 1491 Gram-

232 1519 335 1586 matici
352 1518 487 1598 jnncut‘l
508 1519 557 1581 Au
578 1518 665 1600 quia,
687 1523 720 1580 ut
741 1517 878 1598 liepuius
900 1518 1093 1604 dictitabat,³
1113 1524 1340 1604 simpliciorem

233 1619 360 1684 sormam
386 1615 514 1682 eandem
541 1618 746 1698 antiquiorem
772 1616 881 1681 haberi
907 1635 963 1698 par
990 1621 1062 1684 ost?
1108 1623 1153 1684 lit
1180 1623 1249 1688 hoc
1269 1627 1341 1690 nihil

233 1719 366 1802 pertinet
395 1715 433 1780 ad
460 1715 644 1780 Pausaniam
677 1720 709 1779 et
735 1715 900 1798 aequatos,
929 1732 966 1780 ao
992 1733 1031 1781 ne
1057 1720 1187 1798 probari
1219 1725 1341 1804 quiden

232 1823 344 1900 potest.
384 1814 532 1895 Equidem
553 1829 706 1894 uunquam
727 1815 850 1894 speravi
865 1816 997 1879 omnium
1012 1817 1136 1881 illorum
1151 1821 1341 1900 scripturam

231 1932 334 1982 veram
348 1915 408 1980 itoc
422 1919 470 1978 est
483 1913 670 1994 peritissimo
685 1912 794 1992 cuique
808 1911 995 1978 Graecorum
1009 1917 1173 1996 probatam
1186 1925 1343 2000 cognosci

232 2031 329 2098 posse
349 2031 408 2078 noo
429 2011 533 2076 dubito
556 2011 642 2091 quin,
672 2009 699 2072 si
721 2011 912 2090 autographo
932 2013 1003 2093 ipsa
1032 2016 1189 2096 inspicere
1221 2018 1341 2105 liceret

232 2115 326 2180 multa
353 2112 458 2194 specie
492 2109 603 2172 similia
631 2106 819 2172 dissimiliter
846 2111 962 2192 scripta
994 2115 1217 2194 reperiremus,
1247 2136 1341 2199 pere-

232 2215 321 2294 grina
348 2210 530 2291 praesertim
559 2213 590 2272 et
616 2207 831 2287 inirequcntia.
882 2208 945 2273 Sed
965 2209 1025 2274 hoo
1046 2217 1148 2275 mmcn
1170 2214 1286 2300 video,
1315 2221 1342 2283 si

234 2327 323 2394 quem
352 2310 464 2373 exitum
491 2306 568 2370 haec
594 2306 736 2387 quaestio
764 2306 906 2369 habitura
924 2308 980 2387 sit,
1007 2325 1070 2373 non
1099 2319 1245 2391 oxytoua
1272 2334 1340 2382 cnm

233 2408 405 2490 berytouis,
427 2405 576 2487 primitiva
598 2419 665 2468 cum
687 2403 833 2468 derivatis
855 2406 1014 2490 permixte,
1034 2414 1069 2472 ut
1090 2409 1279 2495 plerumque
1300 2419 1341 2502 iit,

233 2505 393 2573 tractanda
414 2521 495 2570 csse.
536 2501 661 2597 Venimus
682 2519 763 2568 uuuc
784 2503 823 2567 ad
833 2503 971 2568 ultimum
984 2505 1075 2586 hujus
1087 2511 1215 2588 generis
1231 2531 1341 2580 erem-

233 2607 333 2689 plum3
360 2599 399 2669 τὰ
425 2595 477 2666 διὰ
496 2601 554 2664 τοῦ
574 2615 642 2674 ocos
662 2596 784 2664 ἅπαντα
803 2598 884 2684 πλὴν
904 2604 967 2666 reio
993 2612 1260 2685 μουσυσισστικῶσ
1288 2613 1341 2678 καὶ

233 2707 297 2770 τῶν
317 2697 496 2788 δηλούντων
516 2693 608 2782 μέρος
628 2695 828 2782 repostulat
848 2697 900 2765 dcci
919 2703 974 2766 τοῦ
995 2703 1014 2764 ι’
1033 2699 1222 2788 γράφονται,
1245 2713 1341 2796 mod.

234 2804 331 2880 σιος,ὅ
351 2797 473 2878 Motus,
495 2792 735 2880 Συρακούσαις
752 2794 849 2881 (οὕτω
866 2795 927 2881 γὰρ
942 2795 1136 2881 Ἡρωδιανὸς
1150 2801 1203 2870 διὰ
1218 2809 1282 2875 δύο
1302 2804 1341 2880 He

233 2897 357 2985 γράφει)
379 2893 540 2976 διακόσιοι,
561 2891 731 2980 τριακόσιοι
750 2897 816 2964 ΕΜ.
837 2899 887 2982 80,
909 2900 959 2964 35.
984 2901 1119 2982 incogn.
1142 2923 1173 2985 p.
1191 2908 1246 2974 56.
1267 2912 1340 2977 Pri.

234 3001 327 3066 mitivi
353 2999 594 3080 speciom'gerit
614 2991 770 3077 Συροιιώ,
799 2996 927 3062 derivmi
949 2996 1131 3081 Συράκοσαι
1162 3005 1252 3073 Piud.
1279 3030 1339 3093 pro

234 3117 295 3182 quo
318 3100 488 3180 scriptores
509 3102 692 3178 receperunt
713 3093 931 3179 Συράκουσαι,
960 3099 1018 3164 sed
1037 3104 1215 3182 possessivi
1238 3109 1339 3175 turma

232 3257 523 3272 ffl-

300 3349 329 3418 3)
346 3347 419 3404 Haeo
435 3345 541 3402 oracula
557 3347 634 3402 itcrat
650 3345 792 3402 Muellerus
808 3347 836 3400 in
850 3345 971 3400 Orchom.
988 3349 1047 3405 tuo.
1063 3350 1226 3420 Παρνασός,
1244 3361 1335 3427 Kame.
1376 3335 1377 3408 ἔ

234 3430 288 3493 σός,
307 3435 395 3502 tipice
418 3431 590 3499 antiquiorem
613 3443 674 3486 esso
698 3432 865 3498 scripturam,
886 3425 1005 3500 eioeptis
1022 3432 1056 3484 iis
1074 3447 1143 3500 quac
1164 3437 1191 3488 iu
1211 3437 1334 3496 dialectis
1376 3427 1377 3438 ¹

233 3503 263 3571 ἶτ
281 3516 410 3580 accipiant
426 3520 454 3568 ut
471 3511 658 3576 Μυκολησσός,
675 3511 859 3578 consolando,
876 3513 910 3568 de
928 3529 980 3582 quo
998 3517 1033 3568 ita
1046 3516 1160 3584 loquitur
1176 3533 1208 3574 ao
1222 3525 1247 3576 si
1260 3525 1333 3592 plura
1376 3581 1377 3588 ρ

233 3601 311 3668 hujus
338 3599 443 3665 generis
465 3601 569 3662 nosset,
596 3597 702 3664 citoque
725 3599 855 3665 persuasit
879 3595 982 3664 ngoro
1006 3597 1087 3654 ineo.
1104 3600 1201 3658 Perad.
1228 3621 1255 3674 p.
1272 3609 1330 3664 405.

233 3685 276 3738 tin.
298 3686 341 3751 qtti
361 3695 431 3736 more
448 3679 576 3734 tralaticio
594 3692 636 3734 res
655 3678 796 3736 dissimiles
816 3681 955 3747 componit.
990 3679 1037 3734 Est
1061 3695 1123 3738 vero
1144 3687 1210 3740 illud
1228 3692 1332 3744 unicum

232 3768 309 3834 nujus
327 3765 474 3818 murtatiouis
492 3764 518 3816 in
543 3761 654 3818 diversis
679 3761 799 3818 dialectis
817 3764 968 3832 exemplum
986 3763 1101 3832 ideoque
1122 3769 1220 3825 nullius
1238 3775 1266 3825 iu
1282 3773 1331 3827 lunc
1376 3799 1377 3872 ρ

231 3864 260 3906 re
276 3847 409 3918 ponderis.

296 3929 325 3998 4]
343 3930 372 3983 In
388 3927 445 3982 EM.
464 3930 600 3998 apponitur
620 3925 655 3985 ὡς
673 3923 746 3985 dordr
762 3926 828 3997 (sic)
841 3926 922 4000 κάρα,
936 3927 1064 3999 χρύσειος
1075 3930 1201 4001 σταυρός,
1213 3934 1327 4004 Theogn,
1376 3881 1377 3944 1

232 4013 337 4079 νήσσιος
352 4010 434 4080 κάρα,
451 4009 578 4083 χρύσειος
594 4007 715 4078 στρατός.
1376 4009 1377 4012 ’

297 4095 326 4163 5)
343 4095 467 4150 Novimus
487 4095 618 4148 tarasium
636 4093 809 4150 Patrinrcham
832 4101 859 4150 ot
874 4094 959 4149 Photii
981 4095 1094 4152 numeru.
