2770 4992
211 287 258 354 52
573 276 904 346 uissnuunric
935 275 959 340 i.

213 451 310 515 inisse
333 453 478 514 testatum
507 448 623 511 iaciunt
642 445 792 526 reliquiae
812 443 906 524 lenge
927 441 1106 522 dispersae:
1138 439 1204 502 τῶν
1223 437 1334 521 αἰγῶν
1380 477 1381 480 =

212 548 244 613 οἱ
262 544 370 613 τέλειοι
388 543 497 632 τράγοι
516 543 571 610 καὶ
590 543 705 623 testae,
738 537 757 627 ἡ
779 539 813 607 δὲ
833 535 963 626 ἐχομένη
983 533 1087 622 ἡλιαία
1113 539 1259 622 χλμαροι,
1293 536 1336 600 τὰ

213 645 247 714 di
266 645 404 712 νεύτατα
425 643 534 729 ἔριφοι
580 640 755 728 Προβύτων
773 636 813 704 τὰ
833 637 889 724 μἐν
908 634 1007 703 τέλεια
1027 633 1089 713 ὄϊες
1102 635 1157 702 καὶ
1175 640 1264 720 κριοί
1276 635 1335 702 καὶ

210 741 343 830 ἀρνειολ·
364 741 404 809 τὰ
423 740 458 810 di
478 739 535 807 νέα
555 735 820 826 demandaturum
840 773 882 786 -
902 754 982 822 quae
996 739 1141 802 subtilius
1160 739 1335 819 distinguit
1380 793 1381 798 ,

212 848 293 911 ister
314 863 362 928 ap.
385 842 501 909 suidan
523 860 548 908 s.
564 835 692 925 Ἆμνός,
716 841 900 906 tenerrimos
922 853 1064 919 quosque
1086 833 1184 919 ἄρνας
1203 839 1334 919 vocari,
1380 865 1381 868 ¹

214 941 384 1012 adultiores
405 935 525 1025 ἀμνούς
544 937 598 1004 καὶ
618 935 719 1023 ύμαός
738 973 780 986 -
802 939 896 1003 Βοῶν
918 936 950 1001 οἱ
969 933 1078 1000 τέλειοι
1095 939 1218 1018 ταῦροι,
1242 936 1280 1000 αἱ
1298 931 1335 998 δὲ
1380 941 1381 986 1

212 1038 336 1126 θήλειαι
352 1036 422 1124 βόες
441 1036 550 1123 μόνον,
570 1036 610 1103 τὰ
630 1035 665 1104 δὲ
684 1035 741 1104 νέα
761 1034 895 1121 όαμύλαι
915 1034 970 1102 καὶ
985 1033 1132 1118 δαμάλας
1145 1033 1205 1100 καλ.
1211 1031 1334 1117 μόσχοι

213 1141 266 1208 καλ
292 1137 396 1222 πόριες
422 1136 443 1224 ἢ
463 1135 585 1221 κύρτας
604 1136 658 1203 καλ
677 1133 826 1221 κόρταιιες
844 1137 939 1201 diust.
963 1136 1053 1219 1625,
1074 1137 1115 1201 32
1128 1135 1233 1201 -43,
1263 1131 1335 1198 δέλ·

213 1259 309 1325 φαιιες
329 1238 360 1304 ολ
377 1235 523 1303 νειότατοι
543 1241 657 1320 χοῖροι,
681 1236 711 1302 ολ
730 1231 836 1301 τέλειοι
855 1233 909 1300 καὶ
921 1231 1044 1318 λνόρχαι
1058 1231 1172 1315 κάπροι
1185 1250 1215 1314 p.
1233 1232 1332 1315 1752,
1380 1261 1381 1292 ι

217 1341 263 1406 10.
284 1335 412 1422 ἐλάφων
431 1333 471 1401 τὰ
489 1333 545 1402 νέα
565 1339 678 1420 νεβροί,
699 1331 739 1400 τὰ
758 1331 836 1418 μέσα
855 1331 998 1417 κεμάδες,
1026 1332 1066 1398 τὰ
1086 1329 1120 1398 δὲ
1139 1327 1240 1396 τέλεια
1260 1328 1334 1396 ἔλα-
1380 1321 1381 1340 ’

213 1461 271 1523 φοι
291 1452 320 1520 ρ.
342 1437 413 1521 mr,
434 1436 483 1502 38.
525 1435 597 1501 Non
617 1443 666 1500 est
687 1435 811 1500 dubium
831 1437 904 1517 quin
920 1435 998 1498 baec
1014 1433 1190 1498 discrimina
1205 1447 1227 1495 a
1240 1431 1331 1504 mul·
1380 1411 1381 1500 i

214 1541 256 1604 tis
284 1537 426 1618 neglecta
453 1536 514 1599 sint
537 1542 568 1600 et
596 1536 780 1616 saepissime
808 1535 941 1598 emnium
962 1551 981 1596 a
1002 1535 1122 1615 poetis,
1148 1532 1234 1595 sicut
1258 1530 1332 1610 cp·
1380 1505 1381 1548 ¹

215 1638 326 1719 ptanns
348 1628 490 1718 ύρνειόν,
520 1651 581 1714 quc
605 1633 801 1698 Grammatici
829 1632 964 1698 adultum
992 1631 1157 1711 significari
1185 1645 1332 1692 consen-

216 1737 292 1799 tiunt
322 1733 425 1799 Sebol.
446 1731 479 1796 ii.
501 1732 551 1796 iti.
574 1731 641 1797 119.
668 1733 769 1798 Cram.
790 1733 813 1797 i.
835 1731 884 1797 33.
914 1730 953 1794 ad
975 1730 1152 1794 submmnm
1175 1729 1331 1792 transfert

215 1833 289 1914 Cyn.
310 1833 358 1897 iv.
377 1831 428 1897 89.
451 1838 481 1896 et
502 1829 551 1896 93.
581 1830 772 1911 eundemque
798 1826 931 1912 χιμύρου
957 1825 1056 1911 μόνον
1082 1834 1175 1892 vocat
1201 1846 1232 1893 v.
1255 1827 1328 1894 216.

215 1933 337 1998 sublate
367 1947 429 1994 non
458 1932 570 1994 aetatis
599 1928 701 1993 seium
729 1928 785 1994 sed
807 1931 899 1993 etiam
920 1930 1045 2009 generis
1067 1927 1264 2010 discrimine,
1297 1933 1330 1990 et

215 2038 324 2094 cantra
349 2029 503 2094 Nicander
531 2030 578 2094 nl.
603 2028 671 2093 150.
692 2021 790 2110 ἀμνὸς
814 2025 962 2110 κεράστης
984 2027 1059 2090 dixit
1081 2020 1142 2090 οὐκ
1160 2021 1270 2109 ὀρθῶς
1291 2035 1327 2090 ut

216 2129 409 2195 scholiastes
424 2131 476 2214 ait,
501 2131 574 2211 quia
594 2120 755 2210 baadanai
766 2124 849 2210 aava
868 2122 903 2191 τό
916 2121 1049 2208 νεογνὸν
1064 2123 1118 2190 καὶ
1133 2122 1204 2210 ἄρα
1215 2122 1329 2208 τεχθέν

214 2228 329 2293 anecd.
356 2228 451 2292 Beirk.
480 2228 549 2294 205.
578 2226 634 2291 sed
662 2227 754 2290 etiarn
779 2228 813 2290 in
840 2227 933 2308 crpu.
960 2229 1033 2306 Arg.
1055 2225 1125 2290 319.
1154 2227 1247 2290 Antb.
1274 2226 1325 2290 IX.

215 2345 243 2392 n.
267 2327 334 2391 150.
358 2329 425 2391 evis
447 2327 496 2390 lae
518 2325 673 2408 praebens
695 2318 792 2407 ύμνός
811 2335 943 2390 vocatur
963 2325 1138 2405 ibidemque
1159 2320 1216 2403 ὄϊς,
1243 2343 1327 2406 quae

215 2427 327 2489 aetatis
349 2425 511 2490 intervallo
542 2425 688 2489 distincta
716 2441 788 2488 esse
810 2424 903 2489 dccet
925 2426 996 2490 Scir.
1019 2425 1148 2488 Tbeccr.
1171 2425 1192 2489 1.
1214 2423 1244 2488 6.
1266 2441 1327 2488 nec

216 2525 317 2588 minus
347 2524 428 2587 itura
450 2532 521 2588 sunt
542 2525 667 2587 nemina
691 2519 843 2604 σκύμνος,
875 2520 999 2607 νεβρός,
1030 2518 1145 2606 μόσχος
1170 2541 1198 2586 v.
1221 2524 1328 2588 Scbcl.

215 2622 286 2686 Eur.
308 2621 381 2686 Hac.
404 2621 473 2688 202.
497 2623 600 2688 Schol.
624 2623 658 2688 il.
679 2623 770 2688 XXII.
793 2620 861 2688 iac.
903 2623 962 2688 Ubi
982 2639 1057 2687 vere
1079 2621 1118 2685 ad
1139 2639 1203 2685 rem
1224 2624 1329 2702 perti-

216 2727 269 2784 net
300 2723 412 2785 aetatis
442 2721 556 2802 gradus
589 2728 619 2786 et
646 2723 835 2786 incrementa
865 2723 1008 2803 corporis
1034 2722 1163 2803 propria
1192 2721 1327 2800 quadam

216 2827 291 2882 nata
313 2821 443 2903 signari,
478 2828 549 2884 tunc
572 2822 626 2884 iila
646 2823 801 2884 nominum
822 2823 958 2885 varietas
985 2820 1147 2901 plurimum
1170 2828 1328 2900 oppertu-

217 2920 323 2983 nitatis
344 2918 445 2984 babet.
487 2919 595 3002 Neque
622 2922 654 2982 in
683 2922 873 2984 necessariis
902 2919 1040 2984 substitit
1067 2919 1145 2982 baec
1167 2917 1327 2982 subtilitas

217 3017 273 3081 sed
294 3033 465 3098 progressa
492 3025 540 3082 est
559 3019 656 3083 ultra:
694 3018 725 3082 ot
750 3014 807 3101 μὲν
829 3020 961 3102 μείζονες
988 3012 1094 3082 αὐτῶν
1121 3010 1328 3098 ὀνομύζακαι

216 3117 428 3196 πλατίστακοι,
457 3116 488 3180 oi
513 3113 547 3180 δὲ
572 3113 670 3200 μέσην
694 3112 818 3201 ἡλικίαν
845 3114 962 3201 ἔχοντες
981 3113 1107 3200 μύλλοι,
1137 3115 1167 3180 oi
1187 3112 1222 3180 di
1242 3115 1327 3200 βαιοὶ

217 3205 382 3297 ἄγνωτίόες
402 3215 512 3282 Athen.
535 3217 585 3283 ili.
609 3216 677 3283 118.
699 3218 731 3282 C.
753 3211 774 3301 ἡ
794 3212 936 3300 πηλαμύς
955 3217 1069 3290 θυννίς
1089 3219 1243 3297 καλεῖται,
1265 3219 1325 3300 μετ’·

217 3315 278 3392 ζειν
298 3310 331 3378 δὲ
351 3311 499 3398 γενομένη
519 3310 649 3394 θύννος,
672 3312 714 3380 ἔτι
736 3312 769 3380 δὲ
781 3317 891 3400 μείζων
906 3313 1048 3398 ὄρκυνος,
1070 3309 1328 3398 ὑπερβαλλόντως
1380 3327 1381 3340 t

217 3409 250 3476 di
270 3407 423 3498 αὐξομένη
443 3415 537 3498 κῆτος
555 3417 617 3480 vil.
631 3433 659 3496 p.
673 3415 743 3481 3032
757 3416 790 3490 B,
813 3433 891 3496 quae
909 3416 1093 3479 cetariorum
1113 3416 1240 3480 inventa
1255 3435 1326 3482 esse

218 3513 371 3578 crederes.
412 3515 459 3577 Λο
484 3531 524 3578 ne
552 3517 579 3579 is
602 3515 723 3596 quidem
750 3515 889 3579 variandi
910 3515 994 3597 finis,
1025 3513 1081 3578 sed
1110 3520 1140 3577 et
1170 3516 1324 3581 fruetuum

217 3613 487 3677 maturescentium
516 3623 546 3678 et
568 3616 823 3679 marcescentium
844 3612 1073 3678 vicissitudines
1095 3611 1325 3695 distinguuntur

217 3711 391 3775 nominibus
419 3715 568 3795 propriis:
604 3715 728 3796 πρῶτον
754 3709 814 3796 γάρ
842 3709 925 3776 ἐστιν
945 3707 1097 3791 όλονθος,
1126 3705 1192 3776 εἶτα
1211 3713 1323 3800 φήληξ,

216 3801 282 3871 εἶτα
302 3809 402 3873 σῦκον
420 3807 474 3872 καὶ
494 3806 606 3877 λοιαόν
625 3807 711 3896 ἰσχάς
730 3813 796 3878 EM.
813 3812 884 3897 tic,
904 3811 951 3878 19.
960 3813 990 3856 ⁶¹
1010 3807 1124 3895 βότρυς
1144 3810 1175 3877 οἱ
1194 3808 1254 3895 μὲν
1275 3808 1324 3897 da-

280 4045 327 4113 dt)
348 4045 439 4101 Paullo
459 4048 535 4104 aliter
550 4027 720 4114 Schotsicuc.
738 4049 796 4105 428.
817 4045 904 4116 φύληξ
923 4048 952 4101 τὸ
974 4050 1073 4119 ἄγριον
1091 4051 1184 4108 σύκων,
1209 4051 1323 4108 ἅλινοι,-

215 4123 245 4176 li
263 4123 365 4196 ἥμερον
380 4130 434 4196 μὲν
451 4131 542 4202 ἄωρον
559 4133 598 4190 δι’,
610 4131 702 4184 σῦκον
719 4131 748 4183 τό
768 4129 879 4204 μόριμον.
1092 4143 1096 4146 “
