2772 4992
31 280 85 345 hu
100 277 203 347 ΝΟΜ.
220 277 385 356 QUORUM
399 277 513 345 elidit
526 279 602 344 EST
617 278 835 346 curruum.
858 281 891 346 C.
908 283 956 347 IV.
974 288 1004 357 S.
1021 284 1047 350 1.
1080 283 1155 350 tti-

31 444 254 510 hereditarium
275 452 325 509 est
346 445 426 509 sicut
447 443 605 525 adjectivis
625 440 764 527 eptam
784 453 815 510 et
832 443 995 526 αλακιακός,
1016 448 1072 512 sed
1087 466 1143 530 pro

30 545 91 609 hcc
122 545 220 609 etiarn
244 539 390 617 κολακικός
420 545 573 625 reperitur
598 543 745 627 llippccr.
780 544 819 608 de
847 544 937 611 Ccrd.
960 547 992 610 T.
1020 548 1041 611 l.
1069 547 1140 612 188.

33 643 139 708 Schol.
167 644 260 708 Thuc.
281 642 330 708 lll.
352 642 401 708 54.
424 648 455 705 et
477 643 557 723 apud
577 643 705 707 Latinos
724 644 874 724 picticae.
913 644 1002 721 Quod
1022 646 1054 708 iu
1074 645 1138 710 um.

33 743 101 826 160,
124 742 179 806 47.
209 742 358 822 scriptum
385 740 514 820 legimus
541 735 703 823 ἄσύφηλος
722 738 756 806 ἐκ
779 743 838 806 τοῦ
858 735 1009 825 ἆσίφηίος
1028 737 1071 817 ὡς
1091 744 1141 817 δί-

31 861 112 922 φρος
142 835 270 922 eappa
297 833 318 920 ἢ
346 832 500 920 pudetque
519 836 681 921 μούνιχος,
709 857 819 905 nomeu
842 843 999 922 proprium
1019 842 1139 908 ridetur

31 955 92 1002 non
114 939 327 1020 compositum
350 942 383 1000 ut
403 937 574 1018 Munychus
602 939 658 1004 sed
679 941 810 1022 simplex
833 946 865 1003 ut
885 936 1028 1024 Μόριχος
1047 942 1138 1007 huth.

31 1037 113 1102 Plau.
139 1035 210 1102 tao.
232 1053 289 1117 pru
312 1034 465 1116 Μοίριχος
485 1039 590 1117 potius
612 1038 646 1119 (a
665 1035 774 1120 μόρος)
796 1055 887 1119 quam
906 1056 963 1120 pro
978 1033 1138 1122 Μόρυχος.

31 1136 178 1218 Συμβίκη
206 1153 264 1216 pro
293 1129 435 1217 σαμβύκη
463 1135 535 1201 lies
563 1137 688 1201 lihrariu
710 1135 918 1220 imputandum
939 1144 973 1200 ut
996 1134 1138 1219 Θόροκος

34 1235 124 1298 Thuc.
148 1234 228 1299 Vlll.
251 1233 300 1298 95.
322 1251 379 1314 pro
402 1231 546 1316 Θορικός.
579 1235 645 1299 lam
665 1242 699 1298 ut
720 1236 759 1300 ad
781 1252 950 1300 consonam
973 1243 1136 1319 transeam,

32 1349 109 1414 quae
136 1331 281 1397 vocalem
307 1334 438 1415 excipit,
469 1334 598 1413 primum
626 1335 867 1398 animadvertere
888 1333 962 1398 lihet
983 1334 1065 1400 illam
1086 1335 1136 1400 rel

33 1433 280 1514 interpositionis
301 1431 351 1495 rel
372 1418 554 1496 crientionis
575 1433 711 1513 speeiem
731 1426 1001 1514 cucumerem,
1031 1428 1136 1519 ὠρύο-

33 1553 84 1612 μοι
102 1525 225 1614 ὥρυγή,
246 1525 328 1612 ίρύο
349 1525 460 1612 ἐρύκω,
483 1530 595 1612 quihus
617 1533 751 1595 conferri
772 1540 905 1614 possunt
926 1533 1029 1607 οίαίος
1044 1548 1134 1614 σιγα-

34 1626 116 1709 ίόκς,
138 1627 229 1712 epota
252 1625 377 1714 (τέμνω)
396 1626 519 1713 τμήμω,
548 1626 606 1693 ἰών
626 1626 694 1711 ἐγώ.
743 1631 944 1712 Frequentius
974 1637 1075 1696 autem
1102 1633 1134 1695 tit

35 1736 64 1790 ut
74 1745 239 1793 consonae
252 1731 332 1793 inter
344 1746 381 1792 se
394 1736 531 1811 pugnent
545 1736 638 1810 utque
659 1728 862 1808 contendant;
885 1722 1055 1811 ἆτοάραγος
1076 1723 1134 1792 ἀκ-

34 1822 161 1911 τίρακος
181 1835 214 1894 et
234 1821 411 1910 ἇκαάραχος,
441 1827 498 1892 sed
518 1831 684 1909 praecipue
706 1828 806 1892 tenuis
828 1833 859 1890 et
880 1829 1025 1909 aspirata.
1069 1827 1133 1892 Ga·

35 1926 116 1991 lenus
146 1927 186 1991 de
215 1927 329 1991 docuit.
356 1926 445 1990 hlim.
473 1928 496 1991 l.
521 1927 570 1991 27.
601 1945 630 2008 p.
651 1926 721 1990 541.
745 1932 776 1990 ct
796 1926 865 1990 551.
898 1924 990 1990 dccet
1016 1922 1133 2006 ἄρακος

36 2026 108 2104 apud
135 2027 377 2107 Aristophanem
403 2025 576 2104 significare
603 2026 734 2088 tructum
760 2023 927 2106 cerealem,
954 2040 1035 2087 nnnc
1056 2041 1131 2088 veru

35 2118 145 2205 ἅραχον
171 2125 318 2188 silvestro
345 2123 487 2203 quiddam
518 2124 678 2188 nominari.
729 2116 919 2205 Σανδαράκη
946 2137 1010 2186 non
1032 2123 1132 2187 solum

35 2221 207 2294 Herodotus
229 2224 356 2305 scripsit
376 2223 432 2288 sed
454 2222 687 2303 Theophrastus
709 2237 841 2304 quoque,
863 2216 1039 2303 οανδαροίχη
1056 2238 1131 2286 vero

36 2321 175 2403 diciphro
199 2322 291 2388 133.
317 2318 483 2404 Πύοοαχος
510 2322 578 2385 sine
605 2321 696 2384 dubio
725 2319 804 2384 idem
826 2320 976 2399 significat
998 2327 1028 2385 ct
1049 2315 1131 2383 αάο-
1175 2361 1177 2366 -

37 2434 138 2498 coam,
173 2420 260 2502 quod
286 2421 459 2500 llesychius
486 2415 643 2494 αάοοαίος
669 2421 897 2500 interpretatur.
946 2419 1132 2484 Ornamenla

36 2519 177 2596 quaedam
200 2519 360 2586 muliebria
379 2515 512 2602 patdpe
538 2526 687 2583 uocantur
714 2525 745 2582 et
764 2534 982 2598 nunnunquam
1002 2513 1134 2600 μαλάκια

37 2633 61 2679 v.
80 2617 229 2682 dritzseh.
251 2619 290 2684 ad
311 2618 495 2701 Thesmoph.
517 2637 546 2700 p.
567 2617 636 2683 611.
663 2616 816 2698 ddjectivi
837 2617 895 2680 hac
917 2617 1061 2681 antithesi
1082 2618 1132 2681 ut-

38 2715 102 2779 lecti
129 2717 301 2798 exemplum
329 2733 453 2798 quaqua
478 2716 536 2784 lide
565 2716 651 2780 cdert
679 2715 775 2781 Orion
796 2733 825 2797 p.
846 2717 876 2798 5,
897 2716 926 2780 7.
955 2708 1078 2798 &speum
1101 2713 1137 2778 ot·

38 2818 158 2897 Δωριεῖς
178 2810 300 2898 ἄτρεχίς
319 2813 459 2899 λέγουσι,
487 2814 571 2897 quud
591 2832 660 2879 cum
680 2810 790 2894 τρέμω,
812 2808 934 2898 στρέφου
954 2811 1132 2894 aliquantu*

39 2909 91 2975 hrm
111 2916 316 2980 similitudinis
338 2915 439 2980 hehet.
481 2915 604 2980 Certum
631 2931 706 2979 veru
733 2919 782 2978 est
808 2913 960 2976 Eustathii
987 2913 1132 2976 testimu-

39 3011 111 3076 nlum
132 3013 202 3099 att,
226 3015 275 3079 23.
295 3011 394 3097 ἐρείκη
413 3015 678 3098 eudaemones
699 3010 730 3076 ci
748 3011 871 3094 χυδαῖοι
889 3005 1032 3094 λέγουσιν
1051 3006 1130 3094 ἐρεί-

39 3129 96 3190 pp.
135 3112 224 3188 Quae
244 3115 371 3177 mutatio
394 3114 577 3194 saepissime
598 3113 682 3177 suhit
702 3110 904 3176 antecedente
923 3113 997 3175 iota.
1032 3108 1131 3174 Grae-

40 3223 99 3272 cum
129 3211 258 3294 μαστίχη
289 3213 418 3276 Romani
449 3211 541 3277 mudo
575 3211 685 3278 iisdem
712 3211 810 3276 literis
848 3209 1003 3290 scribunt,
1036 3207 1129 3272 modu

40 3304 167 3374 detracta
188 3311 379 3392 aspiratione
400 3314 534 3374 murdre
555 3317 585 3374 et
606 3311 780 3374 masticare
795 3325 852 3391 pru
868 3307 1026 3393 μαστιχᾷν.
1060 3306 1130 3369 Νο-

41 3420 101 3470 nen
120 3410 219 3490 pelvis
241 3425 260 3472 a
279 3425 393 3492 graeco
406 3405 498 3492 κέκλη
509 3409 678 3473 derivatum
692 3407 799 3473 Graeci
815 3407 977 3489 dupliciter
991 3405 1130 3470 scribunt

40 3506 133 3591 πελίκη
154 3517 185 3574 ct
205 3508 308 3591 κείίχη
329 3508 405 3574 Poll.
426 3508 461 3574 X.
483 3510 531 3574 77.
554 3507 646 3572 Plura
666 3507 813 3589 proponit
831 3505 897 3570 Eli.
911 3505 981 3587 582,
994 3504 1043 3570 38.
1066 3496 1129 3566 ἀπὸ
1197 3506 1202 3517 “

42 3604 91 3668 τοῦ
108 3603 197 3688 μέλος
216 3602 338 3691 meede
357 3604 409 3672 καί
427 3607 528 3690 τροπῇ
549 3602 603 3670 καί
622 3599 823 3690 αἰναβιβασμῷ
840 3604 970 3686 μείλιχος
982 3596 1024 3676 ὦς
1036 3595 1128 3683 ὀλυμ-

41 3699 120 3779 mete
136 3700 321 3791 Ὀλύμπιχος
339 3703 393 3772 καὶ
412 3702 561 3789 πατρικάς
585 3700 745 3786 Πάορκχος.
776 3704 902 3784 Legitur
921 3718 997 3766 sanc
1013 3701 1130 3782 aliquu-
1257 3742 1259 3747 ,

44 3800 94 3864 ties
120 3807 199 3887 apud
227 3808 341 3870 latinus
369 3807 539 3888 scriptores
568 3805 726 3884 proprium
753 3803 873 3865 hlilicus
903 3817 959 3881 pro
988 3799 1129 3862 Milichus

45 3898 93 3964 scd
118 3922 170 3985 per
199 3907 346 3970 incuriam
374 3924 403 3970 v.
424 3904 550 3986 interpr.
572 3902 610 3965 ad
632 3903 685 3967 Sil.
706 3902 772 3967 ltul.
792 3901 841 3965 lll.
865 3899 931 3964 104.
953 3898 1043 3978 idque
1064 3895 1131 3960 ncn'

46 4001 73 4058 ut
97 3999 144 4066 ille
171 4006 314 4087 opinatur
339 4004 395 4070 sed
423 4021 442 4067 a
466 4004 607 4084 μειλίοοω
627 4001 796 4065 derivatum
819 4014 891 4062 esse
911 3997 1127 4078 potentissima

47 4094 80 4158 ad
90 4104 328 4178 persuadendum
342 4105 420 4167 ratic
436 4104 513 4167 haec
533 4109 583 4167 est
596 4100 679 4182 quud
691 4102 723 4164 in
738 4098 889 4162 uberrime
905 4094 1125 4176 adjectivorum
