2788 4986
249 255 771 331 nbnbb.rbblss1t.cattsls.
805 262 874 328 dl
903 271 932 339 §-
949 265 976 332 1.
1143 269 1167 336 7

64 438 227 516 subjeetum
247 429 394 494 indicant.
435 428 534 492 llnius
563 431 665 491 autem
693 428 879 508 eongeneris
906 427 1165 498 denominationis

64 536 186 618 qunque
208 529 360 610 speeies‚·
382 534 417 608 ut
437 529 519 590 inira
539 525 717 610 apparebit,
748 527 885 608 propriis
904 527 1070 608 insignitae
1092 536 1166 595 sunt

63 633 246 710 nominibns;
283 633 407 691 eeterae
433 631 580 707 tanquam
600 623 705 690 sidera
726 625 899 690 minusoula
918 619 1081 712 nivoooptp
1105 651 1164 712 φο

63 727 180 815 ριὀπαι.

526 841 633 908 CAP.
667 841 692 906 l.

390 951 448 1020 De
478 949 819 1038 poraeebematiatim

134 1091 163 1159 §-
194 1081 222 1148 1.
267 1081 371 1145 Primo
400 1093 572 1162 progressu
598 1078 632 1140 in
659 1084 861 1158 oonspeetum
887 1080 1013 1145 veniunt
1039 1082 1164 1148 nornine

64 1185 167 1266 primae
196 1187 228 1245 et
256 1177 416 1245 secundae
438 1174 654 1240 declinationis
674 1176 874 1261 diastemata,
901 1196 982 1261 quae
1003 1197 1164 1246 commune

64 1282 235 1365 prineipinm
269 1285 303 1342 et
327 1277 471 1358 principii
498 1276 628 1340 similem
655 1276 910 1357 significationem
935 1277 1067 1360 babent;
1102 1296 1165 1360 qua

65 1381 251 1462 adjunctione
274 1375 480 1442 exeluduntur
507 1375 675 1455 ineonjnga
699 1375 783 1440 velut
809 1376 933 1458 βρῶμος
958 1373 1083 1460 βρώμη,
1115 1377 1163 1442 al·

63 1501 110 1554 νος
126 1483 235 1557 πῖνον,
262 1466 587 1556 marboneorum,
608 1468 727 1556 θρόνος
745 1467 785 1538 τὰ
804 1469 922 1556 θρόνα,
949 1476 1049 1556 galus
1070 1475 1163 1558 galla

66 1577 165 1642 londos
183 1574 281 1642 lunda
300 1579 360 1637 ete.
400 1572 513 1635 Verum
533 1573 616 1638 illius
636 1572 843 1638 similitudinis
861 1573 976 1655 gradus
997 1579 1070 1639 sunt
1090 1574 1163 1654 pln-

65 1677 137 1758 rimi,
170 1691 230 1738 nee
257 1673 352 1738 iaeile
382 1673 509 1752 cognitu
535 1674 605 1753 quis
633 1673 676 1737 sit
702 1672 989 1755 parasebematismi
1014 1674 1163 1738 terminus

67 1782 208 1838 extremus
229 1789 336 1855 quove
359 1777 474 1851 pnnoto
504 1769 642 1834 ordiatur
663 1769 881 1837 denominatio.
928 1773 975 1837 de
1003 1771 1041 1836 de
1063 1789 1163 1838 voee-

65 1873 135 1936 bulis
155 1873 237 1936 tritis
260 1871 426 1953 obviisque
445 1863 541 1943 αὐλός
560 1862 658 1952 αὐλή,
687 1869 755 1952 βίος
774 1871 842 1953 βία,
870 1866 963 1954 χηλάς
980 1864 1075 1954 gotti,
1102 1871 1163 1936 στί-

66 1973 113 2052 βος
131 1971 226 2054 στίβη,
248 1965 351 2044 τύπος
371 1964 470 2051 tvai,
491 1963 591 2052 πάγος
610 1964 709 2052 πάγη,
738 1971 875 2034 tortasse
896 1971 972 2033 nibil
992 1969 1162 2034 errabimus

67 2071 98 2153 si,
115 2088 192 2153 qnae
206 2085 368 2150 nunqnam
382 2067 528 2132 conlundi
543 2068 692 2151 ridemus,
711 2086 750 2133 ea
764 2086 888 2150 semper
904 2068 1051 2133 distinata
1066 2068 1163 2132 luisse

67 2171 200 2234 sumimus
226 2169 365 2248 ideoque
392 2167 628 2232 denominativis
655 2167 899 2232 adnumeramus.
949 2165 1013 2230 Sed
1033 2165 1163 2246 plurima

67 2269 199 2332 oberrant
224 2269 310 2332 faeie
336 2264 493 2347 ambigna,
524 2282 604 2346 quae
625 2282 716 2346 quem
735 2265 838 2330 looum
860 2283 879 2330 a
897 2270 1008 2328 natura
1027 2279 1163 2343 aooope-

67 2368 119 2430 rint
146 2374 176 2431 et
199 2384 263 2448 quo
296 2366 413 2428 sensim
443 2362 584 2427 traduota
613 2365 692 2447 sint,
725 2363 915 2428 reconditius
945 2370 995 2428 est
1015 2379 1106 2444 quarn
1129 2367 1163 2426 ut

66 2467 151 2546 primo
172 2464 330 2546 adspectu
346 2462 479 2543 judicari
500 2463 612 2544 possit.
653 2463 699 2527 De
719 2462 875 2528 nonnullis
897 2462 1018 2546 quidem
1038 2468 1162 2526 ueteres

67 2565 118 2644 ipsi
136 2565 281 2628 indioium
304 2561 414 2625 edunt:
442 2556 479 2624 τὸ
498 2555 585 2624 θύον
601 2595 644 2606 -
664 2559 695 2625 oi
711 2556 745 2624 di
758 2558 846 2626 θύον
861 2563 992 2628 καλοῦσι
1007 2559 1161 2641 Tbeopbr.

66 2661 132 2728 llist.
150 2664 184 2728 V.
194 2664 225 2746 3,
240 2663 270 2728 6.
296 2661 348 2743 qui
363 2659 471 2723 eodem
489 2661 522 2723 in
533 2660 604 2722 loeo
619 2660 682 2723 Vll.
702 2660 729 2744 t,
744 2662 774 2728 2.
792 2659 920 2726 eandem
934 2661 1060 2724 barbam
1080 2653 1162 2740 θύμ-

66 2762 134 2842 βραν
152 2767 301 2828 vocabat
322 2753 467 2842 θύμβραν
488 2765 519 2822 et
534 2759 607 2822 alibi
623 2753 736 2840 ὄρυζον
752 2777 819 2824 eam
831 2777 911 2841 quae
927 2759 966 2822 ab
981 2758 1051 2823 aliis
1066 2752 1162 2840 ὄρυζα

68 2860 178 2942 dieitur;
203 2856 224 2943 ἡ
247 2853 408 2940 &adpones
428 2853 553 2940 κορώνη
573 2861 724 2922 καλεῖται·
761 2853 899 2941 διαφέρει
919 2850 950 2920 δ’
975 2851 1068 2921 οὐδὲν
1089 2847 1158 2920 οὐδ’

67 2958 89 3020 al
105 2956 243 3040 κορωνόν
264 2955 490 3032 adsentiebar.
512 2954 550 3019 de
572 2956 675 3022 Ossib.
697 2975 726 3038 p.
746 2958 816 3023 736.
839 2958 871 3022 T.
892 2957 928 3020 ΙΙ.
948 2950 1030 3039 pult]
1052 2955 1161 3038 (uteri)

66 3051 209 3138 ἢιάθως
243 3053 335 3120 ἄλλοι
361 3050 458 3137 μύλος
485 3056 595 3120 Soran.
628 3055 766 3120 Muliebr.
796 3074 826 3138 p.
846 3055 946 3120 277.1
973 3054 1095 3134 aliaque
1122 3051 1161 3114 ad
1254 3087 1255 3092 κ

67 3154 165 3235 l'brpn.
178 3157 248 3222 760.
262 3155 367 3219 allata.
401 3155 447 3218 De
461 3152 599 3234 plurimis
613 3154 761 3218 babemus
779 3153 1051 3219 Grammaticorum
1067 3167 1162 3231 prae-

67 3253 183 3331 judicia:
233 3250 345 3336 ἄγορον
378 3245 447 3314 ἀντὶ
479 3253 537 3315 τοῦ
571 3245 683 3334 ἀγοραί
716 3252 820 3318 Scbol.
851 3253 923 3316 Eur.
950 3249 1044 3314 Andr.
1073 3248 1161 3314 1014.

70 3343 173 3432 atypus
191 3351 244 3416 καὶ
265 3345 370 3434 adpeti
391 3351 502 3431 Pbryn.
523 3352 603 3433 App.
626 3370 655 3433 p.
667 3353 695 3416 7.
715 3347 810 3433 γαλέιι
830 3345 848 3415 ὁ
870 3351 961 3434 ἰχθῦς
980 3345 1035 3413 καὶ
1054 3340 1163 3430 γαλεός

127 3608 153 3675 1)
179 3607 257 3674 Μύλη
284 3607 316 3660 τὸ
334 3605 408 3659 κάτω
427 3605 475 3657 τοῦ
490 3604 587 3675 μύλου,
608 3604 693 3674 μύλος
712 3604 742 3658 τὸ
763 3605 821 3659 tinto
837 3605 1161 3675 Mosebop.Sobed.1lo.

73 3702 117 3755 qao
134 3691 268 3747 Grimrnius
287 3693 315 3744 in
333 3690 444 3746 Granum.
464 3689 627 3746 l.111.359.
652 3689 695 3744 ed.
715 3689 736 3744 l.
756 3690 914 3745 demonstrat
931 3691 1000 3757 agile
1018 3689 1162 3744 masculino

72 3783 158 3835 genere
182 3777 341 3843 significari,
374 3775 529 3828 eontrarium
547 3775 686 3826 contrario.
721 3772 775 3828 Sed
792 3772 889 3827 bloeris
909 3779 1004 3827 metam
1021 3771 1084 3840 (τὴν
1099 3769 1162 3840 rpei-

74 3857 158 3925 πεζοι)
172 3858 259 3926 μύλην
273 3863 367 3926 vocat,
391 3858 442 3912 nisi
460 3855 559 3910 librarii
578 3860 702 3924 errarunt,
720 3855 790 3924 qnod
807 3854 927 3923 Scaliger
943 3855 1030 3909 latinis
1046 3855 1163 3908 nomini-

74 3933 115 3990 bus
130 3945 209 3996 metae
229 3948 256 3999 et
274 3943 355 3996 catilli
373 3940 503 3996 aoeidisse
521 3939 676 4007 suspicatur.
716 3938 745 3993 Si
767 3938 891 3995 feminino
914 3939 1078 4008 aequiparari
1101 3937 1183 4003 lieet>

77 4017 254 4095 deminutivum,
273 4027 359 4081 simile
379 4029 421 4082 est
439 4023 580 4078 diserirnen
596 4023 717 4078 maxillae
735 4037 803 4091 quae
823 4028 941 4080 moretur
958 4027 986 4081 et
1004 4021 1089 4076 malae
1107 4020 1165 4076 siue

78 4104 186 4162 nalamn
201 4123 269 4178 quae
286 4124 340 4165 non
356 4113 492 4164 mouentur
508 4121 533 4164 a.
553 4104 625 4163 Cels.
643 4105 712 4161 Vlll.
732 4107 756 4176 1,
773 4107 833 4164 499.
