2744 4982
221 291 269 361 tlt
566 287 892 355 disserturum
927 289 963 354 tl
1004 278 1008 284 ’

220 463 255 522 ut
275 454 481 537 compositum
502 452 542 518 alt
561 447 654 529 ν’]λος
674 454 863 536 (quenquam
882 456 960 520 traco
978 453 1106 518 insolita
1124 459 1175 518 est
1186 469 1320 534 οοτορο-

220 555 307 638 sitio)
327 554 378 620 vol
396 561 431 618 ut
450 553 582 634 simplur
602 570 622 618 a
641 551 718 635 μέζω
739 551 907 620 derivatum
928 553 1080 636 producta
1098 552 1271 634 penultima
1291 558 1322 614 ut

219 648 467 737 τοτρισιέρολλος.
509 654 562 718 Sic
579 659 611 718 ot
637 645 864 734 ἀρνρθστλόεσσο
884 671 941 735 pro
969 648 1095 735 dromos
1119 651 1186 718 sive
1207 644 1322 734 ἀμερής

220 752 281 824 dici
308 753 417 818 volunt
442 751 628 831 interposito
658 751 743 832 tlrcta
773 760 807 816 ut
833 748 957 834 ἄχτθορ,
987 747 1114 834 μόχθος.
1162 751 1225 816 lllii
1246 767 1321 814 vero

219 849 429 936 μχθαλόεσσσ
450 849 643 932 scripserunt
663 855 695 914 ct
714 831 884 936 ὁρὶρλύλης
902 852 1096 932 interpretati
1116 849 1236 916 sunt1⁶
1277 850 1323 914 lo

221 969 272 1020 rea
298 957 386 1016 certa
410 955 460 1014 est
487 953 559 1012 ante
580 947 661 1012 hano
690 952 933 1016 terminationem
959 951 1182 1032 primitivorum
1203 950 1323 1014 termas

220 1052 306 1118 varie
330 1046 512 1129 interpolari
538 1046 590 1110 viu
616 1052 650 1110 ut
670 1051 855 1129 recognosci
876 1051 1008 1131 possint.
1055 1049 1134 1114 Nam
1161 1063 1323 1114 consonae

220 1153 375 1214 mutantur
394 1140 517 1228 στρέφω
539 1141 705 1228 (στρεύγσ)
726 1141 918 1232 ύσσράρσλος
939 1151 1114 1216 conciunt
1136 1153 1168 1212 et
1186 1145 1323 1212 indidem

219 1239 408 1327 στραρρύλρ,
434 1245 516 1311 undo
536 1248 779 1330 normulatim
798 1244 998 1332 συστρέφεται
1015 1249 1091 1314 lies
1108 1241 1220 1320 κοντός
1239 1241 1322 1310 κύν-

219 1347 322 1423 dei-oc,
343 1339 446 1428 ‘5'le
466 1341 622 1429 (ὄρκυνος)
644 1338 784 1428 ὀμφαλός
804 1348 907 1413 Schol.
928 1348 994 1414 Nic.
1014 1347 1062 1411 nl.
1084 1347 1112 1412 7.
1133 1347 1195 1412 uisi
1213 1345 1322 1426 potius

222 1445 262 1510 ab
284 1439 367 1526 ν’ξριβη
388 1439 498 1528 ύμβον
516 1446 718 1512 umor-lions.
765 1445 831 1510 Neo
854 1461 926 1513 raro
949 1449 1202 1528 interponuntur,
1225 1442 1321 1508 modo

218 1543 372 1610 deutcles:
411 1561 431 1608 a
457 1539 525 1627 βύοτ
545 1539 689 1626 βύθολον
710 1538 815 1627 βύσμο
835 1545 945 1612 lies.¹⁷
966 1563 986 1611 a
1006 1539 1096 1608 σσύεο
1116 1539 1274 1624 mrito,
1304 1559 1323 1604 a

218 1638 283 1720 ξύν
304 1637 425 1726 (ξύλον)
447 1638 582 1726 σκυτάλη
602 1650 637 1708 ut
656 1643 833 1709 Nitzsclrius
855 1651 962 1710 censet
982 1645 1013 1708 in
1034 1644 1113 1708 llist.
1129 1643 1217 1708 llom.
1231 1643 1255 1706 l.
1271 1639 1321 1706 75.

220 1749 251 1810 et
271 1736 427 1807 σκύταλον
447 1743 545 1826 clava,
570 1745 698 1818 aceolo
717 1739 873 1808 σάνδαλον
893 1745 960 1810 sive
980 1739 1149 1825 σύμβαλον,
1172 1737 1322 1814 οσκύνος

217 1836 343 1923 attineo
363 1877 404 1888 -
425 1837 600 1906 στύνᾶολον
620 1838 806 1926 ἐμοοβισμύρ
825 1842 1052 1924 offendiculum,
1079 1845 1207 1925 proprie
1227 1841 1321 1924 quid-

217 1939 290 2023 quid
310 1943 342 2006 in
364 1949 543 2007 transverso
558 1943 693 2025 positum
707 1949 775 2026 est,
795 1943 961 2022 praecipue
975 1949 1145 2006 transenna
1158 1945 1223 2008 sive
1235 1943 1333 2006 linea·

219 2042 444 2106 transversaria
466 2037 648 2124 tendiculae,
671 2046 833 2121 cognatum
854 2057 921 2104 cum
942 2036 1058 2119 σκαιός,
1076 2038 1223 2124 σκτμβός,
1244 2035 1320 2104 σκύ-

217 2141 274 2218 to,
303 2141 415 2221 quihus
443 2139 585 2204 omnibus
612 2140 695 2204 inest
721 2140 903 2221 significatio
934 2142 1105 2205 transversi
1133 2149 1165 2205 et
1193 2140 1319 2222 obliqui.

214 2239 309 2306 Modo
325 2240 472 2305 labiales:
493 2233 600 2323 κρούω
614 2233 805 2317 κρούκοιλον,
826 2233 907 2320 κάρα
919 2233 1074 2323 κραιπάλη
1087 2248 1221 2322 cognata
1232 2257 1316 2322 earo,

215 2332 314 2402 ἃοντύ
334 2337 521 2418 decedito,
543 2333 620 2413 σκύς
640 2334 725 2421 σκύρ
746 2333 916 2421 σκύβαλον,
945 2333 1046 2418 κρέκον
1069 2336 1208 2422 (κρούω)
1226 2336 1317 2423 xoiu-

215 2437 321 2519 βολον,
342 2438 419 2517 βοῦς
439 2434 602 2521 βούβαλος,
622 2426 661 2513 dg
680 2434 797 2523 ύβοὶλης
809 2440 874 2502 sive
890 2432 1024 2519 συβάλης
1036 2437 1150 2520 Myrtos
1169 2441 1240 2508 HeS.
1254 2443 1274 2506 i.
1288 2458 1317 2522 q.

215 2529 313 2614 σύβοξ
327 2530 490 2618 aonidae.18
518 2536 686 2604 Gutturalis
701 2539 883 2603 accessione
896 2537 1068 2601 increvisse
1084 2538 1204 2604 videtur
1216 2535 1317 2622 γραύ-

214 2633 309 2706 καλος
335 2627 421 2714 ὄρνις
440 2628 552 2717 τερρύς
571 2636 643 2702 llos.
666 2656 685 2702 a
706 2639 811 2702 colore
833 2637 994 2702 cineraeao
1017 2637 1084 2700 sive
1106 2655 1213 2722 ravo,
1227 2639 1317 2720 quasi

214 2734 322 2812 ρραῖος
341 2732 563 2816 gravastellus,
586 2752 655 2800 nant
676 2736 754 2801 inec
774 2738 841 2802 sine
863 2735 955 2798 dubio
977 2735 1058 2799 inter
1080 2753 1116 2802 se
1138 2739 1316 2802 continuata

215 2835 304 2909 sunt,
331 2831 483 2908 oraculas
505 2839 615 2916 autem,
636 2835 719 2915 quod
739 2837 907 2900 liuestorus
924 2833 1054 2915 confert,
1076 2836 1246 2902 aclamore
1261 2855 1315 2920 po·

214 2927 294 3006 tius;
327 2944 398 2992 nam
418 2931 535 3008 graculi
563 2931 721 3014 (κολοιοῦ)
749 2933 908 3016 epitheton
935 2938 1119 2997 consuetum
1149 2943 1197 3001 est
1223 2958 1315 3018 κραο

212 3019 268 3104 yda
296 3027 362 3090 sive
388 3024 542 3113 κρνγλτης.
585 3032 745 3108 Quomodo
768 3051 787 3098 c
807 3028 894 3096 κττύτο
915 3029 1086 3094 derivatum
1107 3041 1157 3098 ost
1178 3031 1315 3098 κτύαλον

212 3121 339 3206 pituita,
362 3126 408 3189 sio
429 3129 468 3192 ab
485 3129 583 3194 altera
602 3131 694 3212 huius
715 3133 802 3198 verbi
822 3133 921 3196 iorma
940 3124 1014 3206 βύο
1035 3147 1118 3210 spuo
1140 3141 1243 3198 natum
1267 3139 1314 3199 cst

212 3218 320 3283 σίαλον
340 3223 456 3310 saliva,
466 3227 493 3268 ¹⁹
520 3235 554 3294 ut
574 3225 677 3308 ψύττα
696 3233 797 3312 diuvo,
824 3230 951 3308 ψύλύζω
972 3231 1096 3308 oei-ligor
1119 3239 1179 3299 etc.
1227 3235 1314 3316 Dein,

280 3439 325 3508 16)
347 3442 464 3511 Ηογτύοτ
482 3449 514 3503 ad
531 3451 561 3504 ll.
578 3451 664 3509 XXIV.
683 3455 741 3512 753.
765 3470 781 3511 e
799 3451 887 3509 Schol.
904 3453 971 3507 Vict.
992 3453 1068 3510 aliert
1085 3469 1192 3510 versum
1209 3455 1314 3511 uBelr-

212 3520 277 3576 itero
295 3527 419 3580 omissum
436 3533 469 3582 αἲ
485 3551 534 3586 κεν
552 3533 782 3605 ἆμιχβὰλόεσσαν
801 3533 938 3598 deindo
956 3553 993 3599 ηε
1016 3536 1175 3603 θαλάσσης,
1193 3539 1249 3593 lori.
1269 3539 1315 3591 καὶ

213 3621 262 3655 κεν
278 3604 381 3674 cipali.
398 3609 480 3677 ἀπήιε
496 3620 565 3669 βῖκοι
582 3618 722 3685 θαλάσσης
738 3620 842 3673 obiisset
860 3618 895 3670 ad
912 3647 944 3658 -

279 3695 322 3763 17)
348 3697 490 3760 Salmasius
508 3707 572 3762 Plin.
590 3709 683 3766 Exere.
707 3727 733 3780 ρ.
759 3711 815 3768 129.
839 3709 871 3764 Ι).
901 3711 1075 3767 mascnlinum
1099 3718 1175 3782 ponit
1197 3713 1315 3783 eiectos

210 3777 295 3832 simile
312 3779 392 3834 latino
410 3783 509 3842 dotatus
527 3789 659 3848 farcimen.
1143 3807 1146 3812 '

223 3879 226 3886 ’
278 3861 322 3928 18)
345 3862 460 3924 Latialis
478 3873 564 3938 gliscit
582 3877 661 3930 etiam
677 3879 705 3930 im
722 3876 842 3946 σύμβρος
859 3872 964 3944 κύπρος
981 3876 1046 3932 lies.
1066 3879 1187 3949 συφεύς,
1213 3881 1313 3946 subere,

209 3941 341 4012 subulcus,
360 3949 409 4003 nisi
426 3951 477 4008 hoe
493 3955 680 4014 homoeosemo
698 3959 826 4014 bubulcus
845 3959 1053 4030 accomodatum,
1072 3970 1119 4019 aut
1136 3965 1199 4022 beta
1216 3967 1313 4020 utrius-

210 4035 261 4088 lue
279 4039 312 4079 ox
330 4028 467 4104 digamma,
485 4041 561 4104 τνολο,
574 4041 651 4106 dodo,
667 4049 750 4097 ortum
769 4047 819 4098 est,

275 4108 319 4175 l9)
343 4111 426 4212 Retio
445 4120 580 4191 distinguit
594 4123 653 4180 ull.
676 4127 735 4194 tlt,
759 4127 784 4182 3.
809 4121 929 4178 oviator
950 4124 981 4180 τύ
1006 4127 1223 4201 ἀντωνούμενον
1246 4132 1313 4185 torti
