2768 4994
142 284 206 350 DE
220 284 316 350 NOM.
334 282 499 362 QUORUM
513 281 626 348 cille.
641 279 718 348 EST
734 279 864 350 smnio.
887 286 919 351 C.
934 285 955 351 l.
970 294 999 364 s.
1012 288 1041 354 3.
1084 287 1147 356 lle

12 462 57 518 ul
97 451 243 517 urbium
270 451 394 515 nornine
427 456 480 514 eut
507 449 665 514 mulierum
684 444 825 533 Ἴνησσα,
855 447 1063 535 Μάρισησσα,
1087 449 1146 524 ll·

11 565 165 636 μησσα.
1139 577 1143 586 ⁴

99 673 141 742 §-
165 663 199 728 3.
239 663 403 728 Nominum
417 647 718 737 inTo‘oEexenntium
732 665 791 727 trie
805 669 877 728 sunt
890 679 1014 743 genera.
1037 663 1145 747 llnuur,

11 771 105 847 ujus
134 765 216 828 iota
236 770 347 826 nature
366 761 461 825 breve
483 768 532 826 est
552 779 611 827 neo
631 763 789 845 positione
812 761 999 844 producitur,
1020 758 1147 838 ιιύνισος

11 874 31 929 λ
57 859 219 945 τάμισος
246 861 284 924 ab
307 861 422 941 ignotis
444 862 554 941 etyrnis
577 869 661 944 orta,
693 868 723 924 et
745 877 824 941 qnae
843 860 990 942 Aleiplrro
1019 863 1105 928 linxit
1127 878 1152 932 a.

10 969 127 1026 tuturo
154 959 337 1041 composita
350 955 570 1041 Χιδρολέιιισος
591 959 639 1023 ΙΠ.
653 959 709 1040 Ερ.
726 955 775 1023 62.
793 951 1065 1044 Ῥαγοστράγγισος
1087 960 1144 1044 Ep'.

10 1063 56 1127 l2.
103 1059 266 1126 Secundo
289 1059 484 1123 eontinentur
505 1057 658 1122 voeabula
677 1060 709 1121 in
730 1043 825 1137 ἰ’σῖσῖς,
847 1077 927 1140 queo
947 1059 1145 1141 pariter¹lllls

10 1165 294 1241 ›roparoxptono
315 1164 401 1220 snnt:
430 1151 636 1238 κυπάρισσος,
658 1151 839 1239 νάρινσσος,
860 1153 1032 1233 Μέλισσος·
1059 1163 1146 1244 orep*-

10 1260 155 1324 ιείωται
179 1252 216 1321 τὸ
236 1251 403 1338 Τελμισσός
421 1257 492 1320 liro.
513 1255 623 1337 quibus
640 1253 858 1336 Theognostus
872 1255 921 1322 73.
940 1257 1044 1337 edJiort
1059 1249 1145 1340 Κάρ

10 1372 158 1442 αισσος,
189 1352 359 1433 Πόλισσος,
379 1348 571 1435 Ἀρχεμισσός
590 1349 736 1436 ποταμός,
759 1353 929 1438 aequaliter
948 1355 1098 1435 ignotam*
1113 1362 1145 1421 el

9 1475 118 1538 porro
156 1455 254 1536 edjioi
280 1460 415 1535 possunt
443 1453 633 1518 Calamissus
660 1453 801 1518 Looridis
831 1452 975 1534 oppidum
996 1453 1072 1517 Plin.
1094 1453 1143 1519 lvi

9 1555 37 1619 3.
63 1553 135 1638 (4.)
166 1555 219 1618 eni
240 1552 339 1618 sinrile
361 1547 508 1632 Καλάμαι
527 1552 702 1616 Messeniae
722 1553 827 1636 niens,
849 1549 1022 1634 ’Ἀμφισσος
1042 1551 1144 1634 Apol-

10 1653 89 1717 linis
116 1651 210 1718 lllius
231 1653 344 1716 Aulon.
364 1651 430 1715 Lib.
451 1668 477 1714 o.
499 1649 548 1714 32.
576 1664 689 1714 nonren
718 1669 737 1714 a
767 1652 1000 1733 praepositione
1021 1649 1144 1716 dnolnnl

11 1759 45 1813 ul
59 1747 242 1834 ’Ἄμφισσα
261 1743 314 1813 διὰ
336 1743 373 1812 τὸ
394 1745 476 1830 ὄρεσι
497 1744 688 1832 περιέχεσθαι
709 1749 802 1830 Herp.
826 1757 857 1813 et
869 1744 1025 1829 Ἄντισσαν,
1055 1747 1143 1838 ihre?

15 1863 89 1929 σαι,
123 1845 286 1932 περισσός.
333 1849 474 1913 Priorum
509 1848 596 1929 origo
624 1849 761 1912 nesoitnr
791 1847 847 1913 sed
876 1855 1024 1913 eeeentus
1055 1855 1144 1914 extre

16 1949 127 2014 aleam
162 1949 288 2030 positus
316 1953 374 2012 est.
421 1947 467 2010 De
495 1948 586 2011 tertio
613 1962 726 2027 genere
754 1946 906 2011 Aroadins
934 1947 1043 2012 eodem
1064 1944 1141 2012 loeo

19 2042 59 2109 τὰ
82 2041 105 2109 ι’
126 2041 332 2128 ἐκτεταμένον
352 2042 462 2128 ἔχοντα
481 2039 637 2123 ὀξύνεται,
659 2040 820 2128 Κηφισός,
845 2037 967 2124 Ἰλισός,
994 2042 1141 2127 κερδισός.

22 2144 65 2206 Εἰ
87 2140 125 2208 δέ
150 2164 183 2209 τι
196 2141 445 2228 βεβαρνιὸνηται,
465 2138 658 2226 παρώνυμον
677 2141 784 2228 ὤφθη,
806 2140 932 2225 ἄρκισος
949 2140 1070 2228 ἄρσασα,
1090 2141 1143 2209 λά-

23 2257 115 2324 ρισος
152 2239 276 2324 λάρισα.
324 2243 382 2308 llio
414 2261 470 2324 pro
501 2237 640 2324 κερδισός
666 2243 887 2308 restituendum
915 2251 964 2308 ost
991 2239 1143 2325 Κεᾶρισός

24 2345 110 2409 uude
135 2343 300 2426 Ketiulotoe
321 2341 351 2406 οἱ
375 2341 576 2406 Κνδωνιᾶται
595 2343 667 2409 Hes
690 2345 728 2407 es.
748 2342 937 2408 Hueckh.'in
952 2343 1044 2407 Creta
1063 2341 1086 2406 l.
1110 2343 1140 2408 5.

27 2441 150 2522 ignoto¹
175 2449 248 2508 snut
270 2439 430 2526 Ἅρκισος,
462 2441 544 2522 quod
572 2441 689 2507 Corees
718 2459 757 2505 ex
783 2440 861 2505 Plut.
882 2441 916 2506 V.
936 2441 1041 2524 Pelop.
1063 2441 1140 2506 Xlll.

27 2541 180 2627 sustulit,
211 2550 242 2607 et
262 2537 407 2622 Ἆραισα,
436 2540 493 2606 sed
520 2558 559 2606 ex
587 2541 787 2622 sequentibus
816 2535 987 2622 Λάρισος11
1008 2535 1140 2622 Λάρισα,

30 2655 111 2718 qnae
134 2641 318 2724 plerumque
345 2641 444 2720 signia
471 2638 583 2721 duplex
604 2640 732 2722 hubent,
761 2641 906 2722 suspicor
924 2639 1009 2703 illum
1030 2653 1142 2704 nonren

30 2739 118 2803 urbis
142 2742 303 2823 posuisse,
325 2738 408 2821 quod
429 2740 461 2802 in
482 2737 570 2804 codd.
591 2737 747 2802 nonnullis
761 2738 914 2803 lunelli.
933 2733 1142 2820 128.”Αρνισα

34 2839 187 2920 seriptum
214 2844 262 2903 est
290 2847 321 2903 ut
339 2835 468 2924 Ἀρρισα
495 2839 528 2900 in
555 2835 764 2919 compluribus
791 2838 824 2902 ll.
846 2837 881 2902 ll.
903 2835 973 2901 738.
996 2831 1142 2918 pro’Ap-

33 2949 136 3017 puoou,
161 2945 193 3002 et
215 2937 344 3019 proinde
366 2940 457 3004 etiam
469 2932 613 3018 Ἅρνισος
634 2937 663 3000 ei
683 2943 789 3000 notum
811 2937 907 3000 luisse
928 2949 1041 3000 nomen
1061 2935 1143 3000 llurii

37 3049 54 3094 o
76 3035 282 3118 Theognosto
301 3043 502 3101 memoratum
531 3035 550 3100 l.
572 3051 598 3100 o.
621 3035 673 3116 qui
695 3034 732 3099 de
754 3033 862 3097 eodem
884 3049 997 3114 genere
1017 3049 1142 3098 mucro*-
1183 3019 1206 3105 '¹

37 3134 267 3211 paruleotornnr
287 3136 467 3219 praecipere
483 3133 604 3200 ridetur
624 3130 681 3200 seu
702 3132 850 3213 exemplis
864 3131 965 3196 dubiis
980 3137 1011 3196 et
1027 3129 1143 3198 noeen-

40 3231 119 3297 tibus
141 3253 239 3317 saepe
259 3235 431 3316 perversis:
452 3228 492 3296 τά
512 3227 565 3298 διά
584 3233 642 3298 τοῦ
662 3219 731 3306 ἶσος
749 3226 909 3316 βαρύτονά
928 3226 1023 3312 νάριά
1040 3251 1073 3294 τε
1090 3229 1143 3298 καὶ

39 3331 247 3414 προσηγορικὰ
267 3329 319 3398 διά
339 3325 430 3398 τοῦῐ
459 3327 631 3417 γράφωνται
658 3325 801 3414 δηλονότι
827 3329 882 3414 τῆς
905 3325 1143 3414 παραληνούσης

42 3502 312 3522 ᾖ

109 3615 154 3683 lu)
173 3616 197 3669 Α
214 3614 371 3685 Κάρμισσος
388 3629 440 3669 non
458 3615 536 3682 longe
553 3613 686 3686 discrepet
701 3611 863 3685 Μορμισσάσ
879 3608 956 3666 πόλις
972 3607 1064 3676 steph.
1090 3617 1141 3664 eu·

43 3693 84 3756 jus
101 3699 129 3750 in
142 3699 295 3754 nocentibus
308 3699 378 3754 nulle
389 3701 543 3765 auctoritus;
561 3713 608 3767 pro
622 3697 754 3756 Πόλισσος
767 3697 876 3752 fortusse
889 3692 1022 3750 Brilessos
1038 3693 1143 3762 seripsil

49 3777 114 3835 lunii
132 3798 228 3840 nornen
246 3784 289 3841 vel
307 3781 438 3841 Βάλισσος
463 3781 550 3850 urbis,
574 3781 616 3836 rel
641 3786 725 3835 toturn
746 3781 914 3852 depravatum
938 3781 979 3832 est
1002 3789 1035 3831 ex
1056 3773 1141 3833 πόλις.

46 3859 88 3913 Ἐν
113 3868 239 3938 Βορισσιρῖ
259 3868 413 3934 Philoslorg.
434 3865 476 3922 IX.
496 3866 522 3932 9,
541 3865 599 3922 519.
618 3862 649 3915 ἐν
664 3867 790 3934 Βηρίσοις
807 3877 840 3918 ex
857 3860 955 3915 Basilio
974 3855 1048 3914 affert
1063 3856 1140 3912 Dind.

49 3945 72 3997 in
88 3947 133 4003 llr.

111 4049 154 4117 ll)
171 4049 288 4120 Λάρισος
303 4048 387 4104 Strab.
406 4049 475 4104 Vlll.
496 4049 554 4106 387.
573 4043 707 4114 Λαρισσός
724 4043 789 4099 Plut.
802 4042 831 4097 V.
845 4040 947 4111 Philop.
964 4039 1020 4098 Vll.
1035 4044 1063 4098 ei
1078 4039 1141 4096 illibi

53 4125 177 4196 Λάρισσον
190 4147 214 4188 v.
232 4132 376 4189 insoluel.
397 4132 429 4187 ed
446 4130 529 4189 strab.
549 4128 591 4185 lll.
611 4129 671 4185 ele.
