2762 4992
231 255 300 324 8¹76
561 255 884 321 tttsstttttntto
919 255 993 318 Vlll.

102 391 108 402 ’
234 457 274 470 ..-
295 419 493 502 Συβερείοης,
522 415 627 502 Δέρβη
656 413 788 501 Alopece
808 455 848 466 -
875 417 929 483 καὶ
949 418 1124 500 Aegisthus,
1144 409 1257 497 ‘TW
1279 452 1306 460 ·

241 520 389 602 Yupslrpc
418 517 524 599 Steptt.
554 518 610 582 sed
644 517 848 600 appellativa,
883 534 963 598 quae
993 517 1199 597 theognostus
1223 516 1314 596 affert,

234 617 424 700 αρακεζείτης
444 625 474 680 ct
496 615 627 700 ίεοείτης,
649 617 732 700 apud
757 618 929 697 scriptores
950 633 1014 680 non
1034 616 1259 696 reperiuntur.
1280 611 1314 676 ad

235 719 347 784 Buttm.
368 715 439 782 t33.
461 715 604 797 quodque
625 718 755 782 nummis
776 718 957 797 inscriptum
987 721 1036 778 est
1063 709 1317 792 'Anovmoepsiuor

237 817 298 880 troc
319 823 367 882 est
388 815 510 880 incolae
537 815 622 879 urbis
648 815 763 896 erutae
793 817 842 880 cui
862 832 974 880 nornen
996 809 1183 887 Ἀπόλλωνος
1202 806 1278 891 ἱερόν
1293 829 1317 870 u·

237 915 363 982 Eottot.
386 914 491 978 Doctr.
511 913 598 978 Num.
623 914 655 978 T.
676 915 725 979 lll.
747 914 797 980 93.
819 915 1039 996 diphthongum
1061 930 1116 995 pro
1140 914 1199 975 iota
1216 911 1322 974 lnberc

238 1021 368 1094 apparet
387 1029 426 1076 ex
447 1013 538 1078 simili
559 1007 637 1086 Διὸς
650 1009 744 1098 ,tepeo
763 1014 952 1096 Διοςιερίτης
973 1013 1077 1093 Steplr.
1100 1027 1195 1091 neque
1220 1008 1323 1088 injuria

238 1110 418 1190 Bernhardy
445 1110 483 1174 ad
507 1111 590 1177 Suid.
613 1113 646 1176 T.
666 1113 687 1176 l.
714 1111 784 1178 939.
812 1121 991 1195 suspectum
1021 1110 1126 1174 habuit
1151 1107 1324 1190 βαίανείτης,

239 1227 296 1291 pro
319 1225 380 1290 quo
402 1208 562 1289 Polybium
584 1207 773 1294 βαλανευτής
793 1212 961 1292 scripsisse
982 1210 1159 1273 arbitrorut
1175 1199 1324 1290 possesio,

240 1307 353 1374 Saldas
375 1315 474 1372 autem
496 1327 521 1374 s.
543 1305 744 1392 Βαίανειόκης
765 1311 833 1373 sinc
855 1308 947 1374 dubio
975 1309 1161 1390 gentilicium
1181 1305 1326 1385 signitica-

238 1407 291 1468 vit.
336 1406 470 1470 Tertium
493 1423 591 1486 genus
613 1416 662 1474 est
681 1407 809 1472 verbale
829 1425 890 1472 uno
912 1409 1090 1488 insignitum
1111 1405 1243 1485 exemplo
1256 1396 1326 1465 aaa·

238 1525 308 1586 tos,
339 1503 423 1585 quod
451 1503 644 1572 Grammatici
671 1509 719 1572 sic
747 1508 843 1572 scribi
877 1507 986 1570 uolunt
1014 1503 1061 1570 dn
1094 1499 1330 1582 dmmopoesiuoc

240 1597 326 1691 αὐτῷ
352 1599 388 1666 τὸ
415 1595 544 1685 ἀλοίτης.
597 1603 750 1670 Καθόλου
775 1601 809 1669 di
836 1599 875 1668 τὰ
905 1601 1014 1686 ἔχοντα
1033 1600 1070 1669 τὸ
1089 1611 1111 1687 ῆ
1132 1598 1327 1683 immanet-

239 1725 342 1786 μενον,
365 1700 470 1786 ἔχουσι
488 1700 525 1767 τὸ
541 1691 561 1768 ἶ
579 1700 761 1788 ἐγκείμενον·
781 1700 804 1788 ἢ
831 1700 879 1767 ὅτι
905 1699 985 1768 κατὰ
1012 1698 1153 1786 alcimio
1172 1699 1330 1775 διάλεκτον,

241 1805 307 1870 scit.
335 1801 369 1867 ἐκ
397 1804 455 1868 τοῦ
491 1797 607 1887 disten
640 1800 765 1886 γέγονεν
791 1798 914 1887 ἆίοίτης
947 1799 990 1878 ὡς
1016 1801 1136 1887 ὄνειρος
1162 1799 1330 1884 Epimeni

241 1904 291 1970 28.
312 1905 481 1994 Postremis
507 1904 610 1968 verbis
632 1903 747 1968 diserte
769 1903 906 1969 declarat
927 1897 1045 1986 ἀίαίτης
1073 1902 1262 1970 scribendum
1282 1916 1353 2012 ⁶⁵'t

241 2019 277 2068 se
299 2005 370 2083 quia
391 2019 447 2084 pro
471 2019 508 2066 eo
537 2000 648 2065 dicitur
674 1996 803 2086 ἀκοίτης.
844 2003 953 2067 Priora
975 2004 1118 2084 ambigua
1145 2009 1222 2066 sunt.
1261 1999 1332 2063 Nam
1353 2020 1354 2066 t

242 2102 270 2166 si
291 2103 335 2165 ita
356 2102 482 2182 scripsit
504 2108 537 2164 ut
559 2099 671 2164 editum
690 2109 739 2166 est
760 2097 800 2165 τὰ
818 2097 926 2184 ἔχοντα
945 2096 982 2164 τὸ
1002 2101 1023 2184 ἡ
1043 2095 1332 2182 ἀντιπαρακαίμονον,

242 2216 299 2281 pro
322 2195 444 2282 ἀλοίτης
464 2198 673 2281 reponendum
694 2207 743 2264 cst
764 2193 885 2283 ἀλήτης,
908 2199 990 2281 quod
1012 2202 1071 2264 ctsi
1086 2207 1238 2266 momento
1259 2213 1333 2279 quo-
1356 2210 1358 2282 ξ

243 2299 311 2362 dam
333 2299 431 2363 diilcrt
454 2298 492 2361 ab
515 2291 646 2378 ἀκοίτης,
673 2307 773 2362 tamen
801 2299 840 2362 ult
870 2299 976 2364 eudem
1004 2301 1102 2380 stirpe
1128 2299 1248 2362 ductum
1269 2309 1359 2360 csso

244 2405 380 2478 apparet.
424 2395 487 2462 Sed
509 2396 748 2460 Choeroboscus
770 2414 799 2477 p.
828 2397 896 2481 169,
924 2400 973 2463 at.
1001 2407 1033 2463 ct
1060 2401 1091 2462 iu
1118 2399 1184 2463 EM.
1212 2397 1265 2480 ut,
1289 2393 1333 2458 45.

242 2487 360 2578 dietum
380 2496 556 2577 δίφθογγον
576 2490 624 2557 ὅτι
644 2488 785 2577 ἀνεφάνη
815 2493 852 2560 τὸ
878 2506 900 2560 δ
928 2493 963 2561 ἐν
987 2498 1031 2584 τῷ
1059 2490 1196 2578 diotone·
1222 2489 1259 2558 τὰ
1282 2487 1335 2575 γὰρ

242 2588 350 2674 ἔχοντα
377 2590 414 2658 τὸ
441 2597 460 2659 6
486 2589 739 2677 ἀναφαινόμενον
773 2591 878 2677 ἔχουσι
903 2591 940 2660 τὸ
970 2591 989 2660 ε’
1013 2593 1203 2678 ἐγκείμενον,
1232 2596 1334 2674 σπείρω

243 2688 355 2771 uocari,
378 2687 494 2776 ἀλείφω
515 2688 642 2777 ἀλοιφή,
665 2711 723 2775 pro
738 2693 848 2775 quibus
861 2695 969 2760 afferre
984 2701 1109 2777 poterat
1125 2695 1229 2776 paullo
1242 2695 1337 2775 aptius

242 2794 343 2871 κεῖμαι
375 2797 496 2872 κοῖτος,
535 2793 591 2858 sed
616 2811 655 2858 ne
683 2794 744 2858 hoc
775 2793 896 2876 quidem
925 2795 1023 2858 simile
1052 2800 1122 2875 est;
1158 2810 1228 2858 nem
1253 2792 1336 2870 hujus

242 2889 332 2952 litera
351 2891 374 2954 'c'
394 2891 433 2956 ad
453 2894 696 2958 terminationem
718 2895 861 2977 pertinet,
883 2886 1000 2976 ἀαίτης
1020 2910 1094 2957 vero
1119 2893 1158 2956 ab
1173 2885 1263 2954 diluo
1278 2892 1337 2953 sive

243 2980 349 3050 ἀλείτω
369 2997 520 3071 repetunt.
563 2991 701 3068 Quodsi
724 3009 860 3073 eaquae
883 2992 1077 3057 Grammalioi
1098 2991 1213 3072 tingunt
1239 2990 1336 3055 eadem

242 3087 311 3167 iege
341 3095 483 3153 tenentur
503 3108 563 3171 qua
584 3091 725 3156 fictiones
743 3093 837 3171 juris,
865 3092 976 3172 quibus
999 3092 1224 3171 praescriptum
1245 3090 1337 3153 estut

242 3184 330 3264 fictio
352 3191 505 3254 notorem
525 3193 697 3272 sequetur,
726 3190 779 3253 illa
808 3197 891 3254 ccrtc
919 3190 1044 3271 probari
1072 3197 1243 3270 nequeunt,
1272 3200 1340 3284 Q

243 3284 318 3349 uuili
337 3286 433 3350 verbo
455 3303 568 3368 gracco
594 3289 664 3352 talis
686 3305 839 3352 concessa
854 3296 901 3353 est
915 3304 1070 3369 paragoge
1083 3274 1150 3365 ἷκῖο,
1167 3277 1250 3367 Euo,
1272 3305 1337 3350 otro

244 3391 301 3448 elc.
323 3383 474 3461 Quantum
503 3387 653 3468 equidem,
670 3388 849 3468 perspicere
876 3405 1022 3471 possum,
1050 3404 1112 3451 uua
1137 3395 1187 3452 cst
1215 3385 1337 3451 nominis

244 3483 342 3546 forma
370 3483 504 3563 legitime
532 3492 705 3567 propagata
733 3480 846 3569 ἀλήτης
872 3494 906 3549 ut
936 3481 1099 3568 πλανήτης.
1151 3486 1250 3562 Quum
1270 3499 1336 3547 vero

243 3597 374 3646 necesse
405 3582 559 3646 videretur
588 3583 626 3646 ab
656 3600 767 3647 errone
794 3584 982 3665 distinguere
1011 3601 1079 3649 eum
1107 3587 1159 3666 qui
1182 3586 1221 3648 ab
1245 3584 1336 3649 cilicio

243 3681 376 3763 aberrat,
399 3681 510 3762 duplex
531 3683 581 3745 via
602 3682 738 3765 patebat,
760 3691 791 3747 ut
813 3691 865 3747 aut
893 3684 931 3747 ab
958 3685 1106 3748 inusitato
1132 3677 1237 3747 oilie*
1263 3682 1339 3746 deri·

243 3787 366 3843 voretur
389 3773 495 3863 ἀλέτης
515 3788 549 3843 ut
569 3775 698 3863 olva'rrpo,
718 3776 847 3864 αίρίτης,
869 3789 901 3846 ct
922 3780 1068 3866 deinceps
1091 3799 1147 3865 per
1167 3781 1338 3864 epenthesin

239 3923 547 3936 Ἢ

308 4005 337 4068 4)
357 4004 503 4072 llespolrius
518 4007 605 4058 Ἀλεεῖ
620 4006 684 4073 (sio)
702 4004 802 4066 ἀδικεῖ,
821 4008 855 4064 de
874 4023 925 4077 qno
943 4007 1006 4062 milri
1023 4022 1075 4062 uon
1094 4009 1202 4064 dubium
1222 4017 1261 4066 est
1284 4008 1337 4077 quic

243 4100 301 4138 curn
319 4086 435 4155 ἀλέομαι
453 4094 480 4145 et
497 4089 619 4157 ἀλάομαι
638 4092 820 4148 commuuione
838 4094 926 4160 stirpis
944 4093 1110 4159 conjunctum
1128 4093 1171 4146 sit.
