2758 4994
63 265 126 331 DE
148 262 245 330 NOM.
269 259 435 340 QUORUM
455 257 568 323 CHAR.
588 257 666 322 EST
685 255 876 322 LABIALIS.
890 253 922 320 C.
937 253 958 320 1.
977 260 1007 330 §-
1022 254 1049 322 1.
1080 253 1152 324 W

26 435 144 498 lurum
166 431 343 496 oreiuomm
364 431 437 491 suut
456 424 582 488 nomina
602 423 724 504 doliola,
744 419 819 488 illud
848 438 867 488 a
891 419 998 494 κλκκος
1027 422 1153 496 οιόοοοο;1

27 550 113 597 nam
134 537 170 594 ut
197 524 380 610 κικκάβινον
405 517 443 588 τὸ
463 519 639 604 ἐλάχιστον,
661 513 754 586 οὐδέν
774 520 847 585 Hos,
877 520 921 584 ito
949 518 1053 584 circus
1085 537 1151 586 toln

26 633 158 697 nullius
181 629 272 711 pretii
294 625 431 692 declarat
451 622 593 686 similiter
614 626 648 684 ut
668 619 760 684 detta
780 617 840 682 diui
862 618 960 701 solet,
988 634 1049 699 quo
1072 635 1151 700 pro-

26 733 107 814 prie
129 729 321 810 significatur
333 723 454 805 pusula
475 737 559 802 quoe
578 722 613 783 tu
634 717 797 800 coquendo
808 734 894 798 pane
911 721 1056 797 assurgit
1068 718 1151 786 Fest.

30 838 66 896 et
90 829 227 905 eruntne
256 819 469 904 ἆκόθρουομοι
498 813 595 899 ἄρτου
622 817 695 882 llas¹
726 815 764 881 ab
794 813 902 880 eodem
934 815 1030 880 verbo
1067 817 1150 882 unde

26 931 149 1012 ψιχλον
168 930 320 1008 frustum,
343 918 481 987 crustula
501 937 530 982 v.
557 917 688 981 Dissert.
710 915 771 980 llll.
793 929 820 978 e.
841 913 862 977 l.
885 920 915 987 §-
940 914 968 978 l.
991 949 1032 962 -
1060 915 1152 990 Quod

26 1028 218 1109 Hesyebius
246 1025 334 1088 atlert
356 1016 495 1100 Χὲραβος
519 1011 622 1097 χάσμα
646 1015 720 1096 γῆς,
755 1011 830 1074 nihil
860 1010 941 1076 aliud
978 1020 1026 1077 est
1056 1031 1151 1096 quam

27 1122 189 1212 χηραμός,
213 1128 301 1204 eujus
315 1119 499 1202 primitirmn
512 1111 585 1197 pet
624 1115 803 1193 synonyma
816 1103 967 1192 κόλλαβος
982 1119 1013 1176 et
1031 1109 1150 1190 κόλλοψ

28 1226 214 1292 verticillos
235 1224 346 1302 bisque
367 1217 477 1284 similia
498 1210 602 1290 κόλλιξ
631 1218 662 1276 et
689 1206 823 1292 xdltvpu
848 1208 880 1276 id
909 1216 958 1274 est
984 1211 1150 1280 rotundula

28 1328 85 1392 uel
110 1325 205 1408 panis
227 1321 350 1402 speeies
373 1322 467 1381 ovata
487 1312 688 1389 communiter
708 1309 873 1390 globosum
891 1307 1033 1388 quiddam
1050 1312 1149 1392 signi·

30 1427 134 1490 linare
155 1421 298 1488 videntur
320 1418 358 1483 ab
386 1431 448 1480 uno
478 1414 614 1478 tortasse
642 1415 746 1489 etymo
776 1407 918 1488 proleota
949 1423 1017 1474 eum
1042 1411 1155 1490 tutte,

31 1521 167 1602 κύκλος,
188 1516 361 1598 κύλινδρος.
404 1507 551 1595 Σάραβος
570 1504 795 1592 simenem
818 1505 940 1569 αἰδοῖον
958 1507 1030 1573 HeS.
1054 1508 1150 1574 Gnis-

35 1631 88 1688 lus
121 1615 211 1702 παρὰ
239 1613 276 1682 τὸ
302 1607 463 1696 οεοηοέναι
490 1611 603 1676 dietum
632 1615 736 1692 putat,
766 1606 847 1672 unde
868 1601 975 1686 eoique
994 1602 1031 1672 τὸ
1044 1629 1152 1688 γυναι-

33 1728 126 1787 usion
148 1727 181 1786 et
202 1714 369 1798 uapevne
390 1704 485 1778 αἱδιὰ
497 1703 686 1792 παλαιότητα
699 1710 856 1789 κοχηνοῑαο
868 1702 966 1787 optes.
989 1706 1150 1774 stellionis

35 1823 169 1886 nomina
191 1824 263 1882 suut
283 1810 428 1896 καλάβας,
450 1805 633 1890 ἀοκάλοβος,
653 1801 844 1888 nepem,
866 1796 1084 1886 ἀσκαλαβώκης
1100 1807 1151 1872 di..

35 1920 139 1984 latata
161 1917 266 1981 omnia
288 1931 327 1978 ex
354 1916 486 1992 angusto
515 1903 668 1990 κοιλότης.
711 1898 841 1986 Σαλὰβη
868 1895 888 1985 ἡ
921 1902 1049 1984 opoente
1075 1905 1149 1970 lles.

37 2035 133 2084 nemo
157 2015 310 2080 dubitabit
327 2029 348 2076 a
367 2006 445 2092 οάλη
467 2009 534 2074 sire
554 2003 650 2079 σάλος
670 2005 819 2085 agitatio,
840 2003 965 2082 inquies
986 2019 1015 2064 r.
1038 2001 1078 2066 ad
1097 2006 1148 2084 Aj.

37 2118 111 2184 355.
135 2114 320 2198 productum
342 2126 429 2188 esse;
451 2106 503 2172 ubi
523 2122 598 2172 uero
622 2105 760 2168 foramen
784 2104 899 2181 januae
928 2091 1005 2182 (ὀπὴ
1033 2097 1151 2184 θύρας)

38 2213 163 2298 σαλάβη
191 2220 322 2276 vadatur
347 2210 396 2274 rel
423 2202 571 2287 οάλαβος,
597 2201 790 2268 Grammatiei
820 2199 976 2278 ambigunt
1002 2206 1103 2266 utrum
1131 2217 1151 2268 a

38 2323 129 2382 motu
150 2314 266 2378 dietum
285 2312 327 2374 sit
349 2327 387 2373 eu
410 2325 428 2370 a
448 2306 518 2370 tuoe
540 2298 665 2385 (σέλας).
704 2293 854 2380 Ἀοκράβη
876 2298 904 2362 si
925 2299 1052 2379 proprie
1074 2315 1149 2366 our.

38 2433 103 2481 uua
129 2411 312 2478 elitellerum
334 2405 494 2486 signifieat,
516 2403 627 2482 quibus
647 2397 847 2480 equitantium
867 2412 975 2462 manus
1002 2396 1152 2483 innititur,

40 2534 111 2580 eum
133 2513 231 2578 verbo
253 2503 375 2589 orpipe
398 2503 603 2583 compositum
624 2515 684 2564 nee
703 2513 778 2562 veru
801 2510 991 2576 paragogum
1005 2502 1062 2560 est.
1086 2497 1148 2566 Sed

40 2615 127 2680 nulla
157 2613 209 2674 ria
237 2615 323 2690 patet
349 2603 389 2670 ad
416 2603 564 2682 originem
592 2599 748 2664 nominum
776 2588 892 2678 ἀλάβη,
919 2585 1036 2677 ἀρτάβη
1066 2595 1150 2676 quod
1268 2590 1274 2603 '

41 2714 200 2796 persieum
223 2706 411 2789 perhibetur,
430 2694 571 2780 κακκάβη
591 2697 658 2762 sive
684 2691 856 2776 κάκκαβος,
885 2686 1046 2775 miteque
1067 2695 1151 2778 quod

44 2811 182 2877 averbo
204 2803 306 2871 dinero
332 2802 477 2868 subsilire
505 2798 674 2862 derivatum
702 2810 774 2857 esse
795 2791 985 2858 Subneidero
1015 2793 1054 2858 ud
1075 2797 1152 2862 Ari·

45 2919 119 2977 stot.
143 2911 177 2973 T.
198 2907 248 2972 lll.
269 2904 339 2970 381.
362 2907 478 2966 certum
499 2895 676 2974 videbatur,
706 2888 854 2973 ὄκκοβος,
882 2907 1050 2971 eorumque
1070 2909 1152 2973 quae,

45 3009 221 3090 llesyebius
245 3021 283 3070 ex
303 3002 397 3066 variis
420 3005 451 3062 et
472 2994 600 3060 remotis
621 2992 806 3056 leetionibus
829 2989 958 3054 eontulit
988 2987 1152 3073 Auspettdq

45 3103 173 3191 λκιδρός
194 3097 357 3188 (λαμυρὸς)
380 3093 550 3178 Menapios
569 3092 704 3174 peipoe⁴
745 3091 828 3155 luter
856 3105 893 3154 ea
921 3105 1000 3168 quae
1030 3091 1152 3156 tertium

47 3211 219 3290 sequuntur
240 3200 485 3278 deuliuatiouem‚
506 3189 643 3275 λοκάβκς
670 3189 755 3254 nulla
783 3203 817 3252 re
843 3187 941 3267 magis
968 3193 1074 3250 uotum
1104 3196 1154 3256 est

48 3324 138 3389 quam
160 3299 426 3382 interpretantium
447 3293 603 3374 ludibriis,
629 3306 688 3355 neo
715 3287 816 3350 miuus
837 3285 1008 3366 ignorabile
1035 3278 1154 3370 ἀλοβήο

50 3407 183 3472 utubetu
210 3400 308 3484 plsuis
334 3395 460 3462 Nilotiei
487 3408 615 3473 nomen,
644 3386 700 3454 sed
727 3379 891 3467 ἀῤῥάβων,
921 3384 969 3447 oui
1001 3386 1153 3454 Arcadius

45 3498 184 3588 Ἀλαβών
200 3499 339 3581 apponit,
363 3495 510 3574 originem
532 3508 550 3554 a
570 3490 667 3553 latino
690 3487 781 3550 arrha
801 3487 894 3549 babet
909 3483 983 3548 Gell.
999 3484 1088 3548 XVll.
1102 3485 1151 3550 30.

50 3603 253 3680 Quotcunque
275 3602 376 3659 autem
398 3593 507 3656 borum
535 3588 758 3653 vocabulorum
786 3584 867 3666 apud
894 3589 1005 3664 poetas
1033 3584 1154 3664 reperi-

50 3711 150 3783 untur,
171 3697 264 3780 alpha
285 3695 378 3758 breue
399 3691 644 3772 debentneque
666 3683 854 3767 appellativa
875 3682 975 3746 sulum
997 3680 1053 3748 sed
1075 3698 1154 3762 pro-

55 3853 347 3874 *affl-'—

116 3939 147 4006 4)
165 3935 240 3992 ldenl
257 3927 405 3998 Munciptpr
420 3926 547 3995 ἀπορῶν,
565 3927 712 3991 Manapioi
734 3891 878 3988 dippum,
905 3915 1059 3986 quibuscum
1086 3931 1155 3973 non-

53 4023 114 4077 uibil
131 4015 308 4076 similitudinis
326 4012 406 4068 nabet
422 4011 529 4064 latinum
556 4010 650 4062 mattas
676 4005 704 4060 id
728 4009 771 4060 est
788 4003 822 4060 ad
849 4003 943 4058 incitas
961 3999 1101 4068 reduetus,
1128 4007 1156 4058 et

54 4105 172 4162 Μόττοες
189 4101 303 4156 ἔκλυτοι,
324 4096 374 4150 nisi
391 4090 497 4162 μώλυες
513 4091 627 4160 scripsit.
