2768 4994
47 265 121 332 DE
150 263 256 331 Nou.
271 262 437 342 QUORUM
458 262 571 329 CHAR.
585 259 663 328 EST
677 260 884 328 uuuruuls.
907 263 939 328 (L
955 266 989 329 V.
1007 273 1036 341 s.
1052 267 1080 332 2.
1107 268 1172 338 [101

18 451 101 498 rar.
128 449 171 514 p.
198 429 265 496 121.
289 445 337 511 sq.
382 428 472 505 Quod
494 429 522 494 si
542 429 587 492 ita
607 427 774 509 sehabet,
804 426 941 494 Graecos
968 445 1101 499 necesse
1122 440 1172 500 est

18 529 217 595 vocabulo
237 528 392 611 barbaro,
419 526 503 609 quod
530 527 680 608 paragogi
708 525 845 605 speciem
873 526 1019 613 baberet,
1050 531 1088 596 de
1108 549 1167 598 suo

20 629 221 694 effinxisse
242 628 425 708 primitivum
446 621 613 710 μάργαρον.
642 626 697 689 llis
711 624 864 688 absolutis
879 643 940 693 uua
953 635 1051 695 restat
1067 647 1166 714 quap-

19 730 100 794 stio
132 726 185 791 de
206 725 365 807 epembasi
387 731 418 788 et
439 726 580 790 exaeresi
602 741 670 788 cum
692 740 899 790 consonarum
921 733 980 791 tum
1002 729 1164 796 vocalium.

17 828 187 891 Praeter
207 825 354 890 usitatum
374 818 535 905 ἑλκύδρτον
555 824 588 887 iu
607 821 760 886 Plutarch.
784 821 910 898 Quaest.
933 841 1035 906 graec.
1060 825 1162 896 xvuu.

18 925 108 991 398.
137 925 299 988 invenitur
320 917 482 1000 ἑλκύδιον,
504 923 553 986 eui
575 921 756 988 adversatur
775 921 884 1001 iugens
907 922 1160 995 deminutivortuu

22 1025 140 1106 copia
167 1018 352 1105 σκελύδριον
370 1022 469 1102 Epiet.
489 1020 512 1086 l
535 1021 582 1105 12,
607 1021 653 1085 14.
674 1017 846 1102 τειχύδριον
866 1020 949 1102 quod
960 1022 1158 1106 Xenophonti

21 1123 257 1204 probabiliter
278 1122 453 1186 restitutum
475 1125 538 1202 est,
559 1113 739 1200 μελύδριον,
765 1114 952 1199 οιτφύδριον
973 1128 1003 1185 et
1024 1122 1064 1188 ab
1084 1114 1155 1211 aliis

24 1221 321 1288 terminationibus
341 1214 512 1302 μονύᾶριον
531 1217 658 1300 Nicepb.
682 1216 770 1298 Greg.
789 1219 867 1282 Hist.
888 1218 936 1284 lV.
961 1219 988 1304 1,
1009 1220 1059 1290 46.
1079 1241 1156 1305 epra.

22 1317 204 1405 γλύδριον
232 1327 263 1385 et
295 1313 495 1401 χνλκύδριον,
526 1333 604 1398 quae
632 1316 791 1382 Bellerus
820 1319 851 1382 iu
880 1317 943 1382 lud.
973 1319 1156 1389 boecler

26 1421 254 1502 Theognosto
277 1416 462 1500 1111111111,θ
489 1412 667 1496 νομύδρεον
693 1421 724 1482 ot
745 1415 806 1480 alia
834 1433 912 1497 quae
933 1418 1097 1484 Fischerus
1124 1428 1156 1486 et

27 1519 212 1601 Spobnius
242 1516 279 1582 de
308 1522 432 1581 extrem.
456 1513 709 1594 uersaretur.
738 1522 978 1594 comportarunt.
1029 1518 1091 1583 Sed
1111 1520 1156 1584 illi

29 1617 268 1680 adminiculum
289 1616 417 1698 praebet
436 1608 586 1698 {lapillum
606 1628 669 1677 nou
691 1631 710 1676 a
730 1609 828 1695 βαρύς
845 1614 1012 1680 derivatum
1044 1625 1077 1681 ut
1104 1633 1155 1682 oe·

28 1711 171 1795 κύὸτον,
196 1708 350 1798 ὀφρύδιον
372 1720 429 1778 etc.
451 1711 508 1776 sed
528 1729 547 1775 a
568 1706 671 1793 βάρος,
692 1711 772 1776 uude
802 1708 969 1795 βορύλλιον
996 1716 1154 1782 intellectu

33 1814 168 1880 eodem.
214 1809 407 1895 Δενδρύδιον
426 1811 509 1894 quod
530 1811 705 1892 Stephanus
726 1811 812 1874 affert
827 1813 894 1875 siue
911 1818 999 1895 teste,
1022 1831 1154 1880 succes-

31 1931 134 1978 sores
161 1916 234 1994 ejus
255 1913 363 1978 merito
386 1916 568 1992 suspectant
589 1916 622 1972 ut
644 1916 673 1972 et
693 1905 880 1990 τοκαρύδτον
907 1913 1044 1975 usuratu
1069 1914 1153 1994 quod

32 2013 66 2076 iu
91 2012 207 2077 Gloss.
228 2018 301 2092 post
322 2009 499 2092 τοκορλὸιον
519 2009 733 2100 positum-est.
775 2009 975 2104 Longe-vero
998 2008 1059 2072 alia
1073 2012 1150 2076 ratio

34 2118 86 2174 est
110 2111 384 2176 substantivorum
406 2097 573 2172 verbalium
594 2107 625 2169 iu
646 2127 701 2188 της
722 2124 813 2188 quum
834 2109 865 2170 iu
886 2128 958 2187 τρος
981 2113 1152 2194 transeunt,

36 2209 123 2273 sicut
147 2226 210 2290 pro
235 2205 334 2294 λάτης,
362 2226 423 2290 quo
451 2206 553 2270 nullus
582 2204 776 2285 antiquorum
803 2223 879 2270 usus
910 2213 974 2288 est,
996 2209 1152 2272 suecessit

35 2303 166 2390 ἰατρός,
191 2325 248 2392 pro
269 2307 375 2391 δαίτης
401 2305 509 2387 epulo,
536 2302 619 2384 quod
647 2310 791 2383 superest
820 2306 852 2367 iu
880 2304 983 2368 herois
1016 2307 1148 2390 nomine,

37 2402 179 2487 δαιτρός,
203 2424 259 2488 pro
280 2402 397 2490 μάστης
419 2398 632 2487 (σιρομάστης)
653 2398 788 2486 μαστρός
816 2397 834 2466 ὁ
862 2396 1016 2486 ζητητικός
1045 2402 1146 2488 Glossf

36 2505 67 2567 iu
88 2505 251 2586 Lycophr.
275 2506 363 2571 1120.
387 2521 444 2568 ueo
465 2498 577 2585 κλήτης
597 2503 748 2582 reperitur
769 2501 825 2566 sed
847 2502 983 2584 Κλητρολ
1007 2498 1149 2585 κλήτορες

38 2602 111 2667 llos.
158 2605 278 2680 Quibus
308 2602 457 2668 accedunt
486 2601 670 2666 insolentius
698 2601 826 2680 figurata
855 2602 893 2665 ab
915 2597 974 2663 aba
996 2595 1144 2684 ἐδέατρος,

39 2701 77 2764 ab
105 2698 213 2782 ἔλεός,
243 2710 275 2766 ut
302 2708 425 2766 veteres
453 2707 595 2781 consent,
622 2694 778 2781 ἐλὲατρος,
807 2698 979 2780 dequibus
1001 2702 1146 2782 exposuit

40 2797 182 2866 Raukius
210 2801 248 2866 de
274 2800 405 2880 Hesyclr.
426 2798 474 2864 95.
496 2817 543 2881 sq.
572 2799 610 2862 ab
637 2799 745 2880 ignoto
773 2798 905 2862 themate
932 2793 1044 2876 λντρός
1070 2800 1089 2864 i.
1115 2815 1145 2882 q.

40 2893 144 2984 λάτρις
168 2903 236 2966 sive
256 2894 382 2982 inceperis
402 2898 515 2962 Aesoh.
538 2897 644 2978 Suppl.
669 2897 757 2961 1012.
775 2895 870 2959 οἰκεῖν
883 2899 1004 2979 λοετρῶν
1017 2893 1147 2979 ἄτερθεν

43 2995 144 3062 idest
168 3003 327 3079 sejunctas
349 3015 368 3060 a
394 2996 513 3060 famulis
543 2995 635 3060 sedes
657 2995 786 3077 babere,
807 3011 871 3059 uou
892 3002 925 3058 ut
945 2997 1036 3077 vulgo
1059 3000 1146 3062 acei-

42 3095 122 3173 pitur
144 3098 260 3161 nullam
281 3097 462 3178 pensionem
481 3094 632 3177 solvere,¹
647 3092 730 3175 quod
751 3094 909 3158 ridiculum
930 3094 1058 3160 uidetur.
1099 3098 1145 3162 De

43 3195 204 3260 vocalibus
226 3213 305 3277 quac
327 3202 397 3258 aute
419 3180 646 3276 {inseruntur
668 3185 797 3271 ἀτίετος,
820 3189 968 3276 μητιέτης,
990 3190 1144 3278 πολιήτης,

43 3289 212 3378 στασιώτης
233 3294 293 3359 alio
317 3293 388 3358 loco
412 3292 566 3374 disputavi
586 3290 696 3356 Parall.
717 3290 787 3355 433.
811 3289 849 3354 ad
869 3292 980 3356 Buttm.
1001 3294 1070 3358 432.
1096 3311 1143 3375 sq.

108 3573 139 3642 9)
165 3574 243 3642 Apud
273 3575 343 3628 huuc
367 3575 415 3628 tua
441 3571 517 3627 modo
540 3572 644 3638 reperio
661 3586 687 3640 p.
708 3571 765 3628 126.
783 3569 983 3642 τρωγλύδριον,
1002 3569 1141 3624 reurrexi-

47 3649 134 3720 ὅρων,
166 3655 413 3727 Πρεαμιλλύδριον,
445 3656 497 3710 hoo
523 3669 556 3711 ex
579 3655 737 3723 hypermiosi
771 3669 817 3721 pro
841 3651 1026 3723 Πριαμύλλεον
1050 3653 1139 3708 schol.

47 3731 119 3791 brou.
135 3755 163 3810 pa
180 3741 240 3799 856.
260 3741 345 3810 upsilo
362 3743 468 3809 propter
486 3738 635 3808 epalteliam
652 3739 679 3790 in
695 3739 749 3791 iota
766 3740 872 3791 urrrtato.

457 3982 728 3994 --.....-.----—-
