2750 4994
1010 2 1363 10 *fi

46 279 92 341 11
111 275 429 341 urracnonrnus
451 273 589 340 nonin.
611 273 653 340 nt
672 262 713 340 αῖ
733 275 819 341 unc.
855 278 888 342 c.
904 279 952 343 vr.
975 285 1005 354 ς.
1020 279 1047 344 1.
1089 278 1153 344 rau

44 449 108 506 ante
129 439 253 523 pretuli
270 435 400 504 ἑδώλιον
420 440 460 504 ab
480 435 551 515 scos
570 439 750 524 demnatum,
773 445 984 522 coniecturam
1005 443 1065 506 leci
1085 442 1151 506 lle-

43 542 176 621 sucbium
194 534 367 604 ‘Peaeum
393 533 491 619 ῥάκος
512 540 681 621 scripsisse
709 557 773 604 non
794 537 960 621 ρακωλὲον.
1004 541 1150 606 Similiter

43 639 76 702 ab
102 635 135 702 iri
162 639 219 702 vcl
248 633 308 720 ἰωή
337 638 456 702 exstitit
477 637 565 702 lulla
584 633 605 720 ἡ
624 633 712 721 φήμη
732 639 783 703 vel
804 637 896 724 φωνή
917 642 989 706 lles.
1011 640 1050 704 ab
1074 635 1147 704 tius-

42 759 92 818 μος
108 730 299 816 Maioma
325 730 388 800 abab
408 737 466 800 τοῦ
486 733 712 819 θυμβεβηκὸτος
731 773 773 784 --
792 735 871 814 τινὲς
897 735 931 802 δὲ
948 734 1149 821 Ἄνεμώλειαν

42 838 136 902 Strab.
158 836 214 901 lx
236 835 307 900 423.
330 834 522 916 indidemque
545 838 636 900 etiam
658 829 829 917 ἀνεμώλιος
856 845 1020 902 arcessunt
1040 845 1071 902 et
1091 859 1147 920 με-

41 930 187 1016 ταμιόλως
203 936 272 998 sive
285 929 490 1016 μετοιμωίηος9
506 935 610 1000 Scbol.
625 935 727 1015 Apoll.
738 935 759 999 l.
768 934 841 1002 491.
855 937 1147 1002 assentienteBntt-

41 1039 198 1096 mannent
216 1033 424 1098 Schneiderus
444 1035 540 1098 relert
559 1035 593 1098 in
612 1033 684 1099 Lex.
707 1033 785 1098 lllud
807 1035 944 1100 fortasse
972 1053 992 1099 a
1010 1056 1147 1118 μεταμο-

41 1133 96 1194 λεῑν
116 1131 296 1196 derivatum
317 1139 351 1195 m
370 1127 575 1214 hwarinus,
597 1125 765 1214 ἀντιμωλια
786 1135 972 1214 proprieque
994 1135 1146 1218 significat

42 1233 183 1296 tacentis
214 1231 247 1294 id
275 1237 324 1296 cst
351 1231 535 1309 mutabilis·
566 1231 693 1296 alterius
721 1232 870 1311 originem
897 1232 1013 1298 iudicat
1041 1235 1145 1315 Hesy-

41 1329 119 1394 cbins
141 1326 282 1402 Μώνιος
302 1325 448 1410 μάταως,
475 1333 537 1396 nisi
556 1332 618 1396 boc
638 1348 677 1394 ex
698 1328 804 1394 eadem
826 1331 948 1396 nucina
969 1335 1043 1398 exiit
1064 1332 1144 1398 unde

40 1424 205 1510 τάρῤοθος,
225 1424 339 1513 alvcario
360 1437 390 1494 et
404 1431 517 1495 similia
533 1431 686 1496 sermonis
701 1430 874 1513 mangonio,
896 1430 1060 1512 dequibus
1076 1432 1144 1497 dis-

42 1532 116 1592 serui
136 1532 171 1593 in
194 1529 307 1594 Parall.
330 1529 398 1595 lec.
437 1529 629 1610 adjectivum
648 1524 806 1610 amnibus
821 1548 848 1592 v.
862 1529 987 1595 Jacobs.
999 1530 1037 1594 ad
1052 1532 1142 1597 nntn.

41 1643 66 1705 p.
83 1628 154 1694 585.
184 1629 283 1693 multo
314 1629 413 1692 minus
441 1629 636 1692 auctoritatis
658 1628 751 1692 babet
772 1645 863 1709 qnam
891 1630 991 1692 avium
1018 1632 1144 1694 nomina

42 1722 180 1806 αἰγωλιός
205 1735 238 1792 et
263 1721 390 1802 ἑδώλιος
417 1727 492 1809 (scr.
520 1722 659 1808 ἐδωλιός)
680 1744 761 1808 quae
782 1731 994 1808 conjectorum
1017 1745 1142 1810 operam

43 1824 170 1892 eludant.

495 1939 601 2004 CAP.
633 1938 685 2005 Vl.

423 2063 481 2130 De
502 2061 755 2149 effectionibus.

116 2197 148 2268 §-
171 2191 200 2258 1.
243 2189 438 2254 Enumeralis
459 2191 701 2270 uniuscujusque
729 2194 848 2272 septem
871 2190 1040 2275 vocalium,
1062 2209 1141 2272 quae

44 2289 169 2371 liquidae
189 2287 396 2372 praecedunt,
418 2289 567 2369 cncmplis
587 2289 719 2352 instituti
740 2289 799 2352 mci
820 2288 898 2352 ratio
922 2291 1015 2370 exigit
1036 2297 1069 2354 ut
1091 2292 1141 2354 al-

46 2390 188 2455 lectiones
223 2388 406 2470 perlustrem
433 2388 524 2468 hujus
555 2389 778 2451 terminationis
806 2388 959 2468 proprias.
1007 2388 1140 2454 Primum

45 2485 76 2550 de
102 2489 254 2554 consonis
283 2485 441 2550 dicendum
472 2485 625 2568 estquod
647 2486 685 2551 ad
708 2487 963 2568 permutationem
983 2489 1140 2554 literarum

46 2569 136 2670 leto
149 2587 301 2672 pertinet:
333 2577 514 2667 Ἀνεμώρεια
534 2577 554 2668 ἡ
574 2585 635 2650 νῦν
655 2579 835 2668 lanceolata
855 2587 960 2667 Steplr.
975 2582 1087 2670 ’Ἄζιρις
1109 2595 1139 2652 et

40 2677 139 2764 Ἀζιλις
158 2690 228 2751 iota
248 2685 342 2764 longo
362 2683 474 2748 Arcad.
494 2685 613 2767 κίσηρις
634 2692 664 2750 et
685 2688 815 2768 κίσηλις,
836 2687 987 2768 amenis
1008 2693 1038 2751 et
1057 2709 1139 2770 μαρ-

47 2786 120 2868 nutu
146 2788 230 2852 sieut
251 2783 336 2846 urbis
358 2800 470 2847 nornen
496 2779 647 2865 Τέρμερα,
675 2786 845 2849 incolarum
871 2785 1029 2867 Τερμίλαι,
1057 2804 1139 2868 quo-

47 2899 103 2948 rum
130 2892 233 2949 utrum
262 2883 347 2963 prius
376 2883 466 2946 luerit
494 2887 692 2964 conjecturae
719 2878 856 2948 nostrae
875 2902 937 2948 non
967 2891 1024 2948 cst.
1077 2884 1138 2948 Sed

48 2980 114 3048 laec
139 2984 271 3048 libertas
293 2998 355 3044 nou
377 2982 536 3062 quibusvis
558 2981 662 3063 alatum
696 2975 886 3062 ἄκεστάλιος,
914 2989 947 3046 ut
974 2983 1033 3048 boc
1060 2991 1138 3067 utar,

49 3097 95 3158 oro
117 3074 299 3164 ἀκεστήριος
319 3081 453 3160 positum
475 3097 547 3144 csse
569 3080 672 3144 Giesio
693 3080 730 3144 de
751 3080 819 3148 dial.
841 3081 920 3145 aeol.
943 3081 1057 3165 1216.
1079 3083 1139 3146 boc

50 3181 136 3246 ninus
166 3178 297 3244 concedi
323 3184 429 3259 polest
457 3196 517 3260 quo
547 3183 646 3259 major
673 3186 721 3243 cst
748 3178 968 3259 adJeclivorum
995 3181 1027 3244 in
1053 3167 1139 3262 ηρ-ιῖς

49 3294 194 3360 numerus,
205 3294 333 3358 quorum
348 3277 461 3340 nullum
475 3277 533 3340 lruc
548 3283 689 3342 mutatur.
712 3273 889 3362 Καρχάλεος
902 3296 959 3360 pro
972 3275 1139 3363 καρχάρεος

51 3379 238 3460 aSpitznero
257 3380 327 3455 jnrc
349 3375 503 3457 repudiari
523 3375 562 3440 ad
583 3377 615 3440 ll.
637 3377 712 3441 XXl.
730 3379 799 3446 541.
822 3380 1002 3461 comprobat
1024 3396 1139 3443 accen-

51 3481 100 3560 tus,
119 3495 179 3542 nec
201 3477 301 3538 minus
323 3469 734 3556 111111111ταρβαρὲοςΗ11.
749 3472 993 3558 procaobate'on.
1017 3478 1138 3558 Suspe-

52 3583 119 3641 ctum
141 3577 235 3642 etiam
257 3574 426 3655 Καρφυλαί
445 3571 479 3636 αἱ
498 3569 532 3636 ἐκ
553 3571 654 3656 ξηρῶν
668 3570 770 3650 ξύλων
786 3582 887 3639 κοῖται
899 3594 956 3659 pro
971 3576 1138 3658 καρφυραί,

51 3676 121 3752 quoi
142 3675 243 3742 series
266 3673 666 3757 1131111ι,1οἰκαρφηραί,
689 3675 848 3755 simileque
865 3675 1140 3758 1111Καρφυλλίδης

52 3771 112 3837 alibi
132 3777 236 3856 Kone.
259 3772 404 3835 scribitur
423 3790 451 3836 v.
471 3772 596 3836 Jacobs.
618 3772 714 3836 Catal.
735 3773 835 3837 Poett.
857 3773 961 3855 Epigr.
981 3773 1051 3840 870.
1084 3775 1138 3838 ln-

105 4026 134 4094 9)
157 4024 260 4080 Eadem
276 4027 351 4092 tropo
368 4019 491 4091 νεογιλός
507 4035 541 4076 ex
559 4018 681 4090 νεογινός
699 4023 718 4074 i.
738 4035 763 4078 e.
781 4021 894 4092 νεογνός
909 4027 992 4078 orium
1004 4037 1065 4080 osse
1080 4022 1138 4078 Eu.

53 4107 147 4164 slatbius
162 4109 224 4176 183,
241 4107 284 4164 35.
305 4107 356 4162 sibl
374 4109 452 4162 citius
470 4121 547 4175 quam
566 4107 625 4161 aliis
643 4109 782 4175 persuasit.
