2758 4994
41 277 105 341 DE
132 275 235 344 Noti.
257 275 423 354 QUORUM
443 275 558 342 Clllll.
578 277 656 342 dsr
674 277 867 345 tarmis.
889 279 923 347 C.
942 283 969 348 i
987 290 1016 360 ι
1033 285 1062 353 2.
1098 289 1172 362 a

37 443 182 508 urinime
204 448 292 525 patet
314 442 372 508 sed
393 443 469 526 quia
489 459 558 506 aura
578 437 697 518 ιιιίίλσν
718 442 821 524 oligua
847 445 970 512 rudore
991 449 1168 541 domama,

37 544 99 605 vix
127 541 268 607 dubitari
290 547 415 622 potest3
437 558 507 606 uam
528 542 589 605 heo
612 547 643 606 et
665 541 775 606 uallum
805 544 883 624 tergi
913 547 1024 614 tatuini
1052 557 1084 616 et
1107 549 1168 620 λάμ

36 655 196 722 σταυρον
218 642 284 704 siva
306 647 445 704 scortum
467 640 555 704 virile
577 639 760 721 significati
782 640 1059 723 Quedllespadius
1079 651 1167 720 adut

36 735 210 822 Κύρηβος
242 732 371 822 demptis
398 736 432 803 lv
457 741 503 825 τῷ
535 739 762 821 λοιδορεῖσθαι,
793 745 861 820 ojus
888 745 1166 819 conformationem

34 842 120 921 ipse
148 840 338 921 apertiorem
367 837 499 902 reddidit
526 841 725 920 appositione
753 839 960 906 derivatorum
991 843 1166 933 κορηβίτρς

36 948 72 1004 et
99 934 352 1020 κνρηβάσαοθαι
384 933 628 1019 διαμαχέσαοβσιι
648 932 712 1002 ἀπὸ
731 939 795 1002 σῶν
815 939 921 1020 amolo,
943 937 1036 1008 bow
1054 943 1107 1012 ml
1126 943 1164 1018 εὖ

33 1041 225 1122 κυρίττειν,
246 1035 327 1101 undo
355 1035 459 1116 colligi
487 1043 593 1118 potest
618 1032 770 1119 ιιιίρηβος,
798 1037 949 1117 καρίινειν
975 1044 1163 1130 allidamque

33 1134 222 1221 κορύσσειν
242 1143 274 1200 et
294 1130 457 1215 κορύσσειν
471 1137 599 1218 stirpem
619 1136 734 1200 habero
748 1151 937 1202 communem
951 1133 1043 1223 ιιὲρας
1055 1158 1161 1230 cama

35 1237 110 1302 Sed
135 1231 274 1319 κυρήβια
294 1251 358 1300 uou
380 1235 482 1316 aptius
502 1235 691 1316 exoptarem
711 1237 880 1300 aroessitur
909 1254 1000 1318 quam
1028 1242 1160 1323 apludae

34 1353 59 1399 a·
81 1335 252 1418 plaudere,
273 1350 344 1398 uam
364 1333 636 1398 ueutmmdioitur
657 1351 789 1416 unquam
811 1350 869 1416 pro
891 1336 1024 1417 pinsere
1056 1343 1160 1413 ilarii-

37 1437 165 1500 testier
195 1441 244 1498 est
277 1449 434 1515 paragoge
462 1433 617 1496 nominum
642 1425 770 1517 ἀκριβής
797 1441 828 1500 et
854 1429 995 1519 ίανοίβη,
1031 1439 1092 1508 hoo
1118 1443 1157 1510 tlt

35 1529 185 1614 ἐρεύθω,
213 1549 283 1596 uam
311 1533 415 1615 μίλτος
438 1526 520 1598 κατὰ
549 1532 736 1596 Παυσανίαν
760 1528 875 1614 ἐλέγετο
901 1531 954 1597 ιιαί
981 1528 1002 1618 ἦ
1030 1533 1157 1625 ἐρυσίβη

35 1633 138 1698 Eust.
160 1632 233 1714 310,
253 1630 303 1696 34.
325 1631 453 1695 alteram
475 1631 513 1696 ab
536 1625 639 1714 άινιος,
666 1637 827 1712 utrumque
847 1632 913 1696 iota
932 1632 1044 1719 louge,
1069 1637 1157 1710 brevi

36 1749 123 1797 vere
147 1731 203 1796 iila
224 1747 354 1812 quorum
375 1731 491 1810 stirpes
520 1736 720 1794 exaruemnt:
747 1728 888 1814 μόλιβος,
918 1726 1040 1815 ἀλίβας,
1066 1738 1155 1817 qued

37 1832 220 1911 synthotou
242 1845 313 1894 ossa
336 1828 530 1894 Grammatioi
548 1829 609 1893 hoo
629 1831 729 1894 miuus
750 1829 938 1910 persuadent
959 1833 1041 1912 quod
1061 1835 1155 1917 alpha

23 1930 192 2010 ¹syllabae
222 1928 338 2010 primae
366 1927 491 2007 lengum
520 1934 584 2009 ναις
612 1929 747 2010 umidas
768 1928 871 1992 oilliba
893 1935 923 1994 ot
944 1922 1153 2013 deploratam

38 2030 140 2093 simili
162 2029 242 2091 inter
264 2043 299 2090 se
320 2026 544 2106 significatione
567 2033 598 2090 et
620 2028 888 2090 terminationem
912 2028 944 2091 iu
971 2028 1051 2096 idem
1077 2049 1152 2098 ver·-

36 2127 118 2192 bum
142 2133 177 2190 ut
198 2120 386 2207 σινλοβιίιης
407 2124 747 2208 desineremdeaatur,
773 2142 832 2189 uae
859 2133 961 2190 tamen
990 2132 1152 2210 composi-

38 2227 142 2292 tionis
165 2227 245 2290 ratio
266 2225 374 2290 riutilio
395 2224 457 2287 illis
479 2241 558 2305 quae
579 2223 619 2289 ad
631 2224 741 2304 Phrpu.
756 2222 827 2288 610.
844 2224 941 2307 attuli,
961 2234 1014 2291 aut
1034 2227 1151 2310 alioqui

38 2330 225 2406 comperta3
247 2323 285 2388 de
306 2324 477 2406 peregrinis
497 2318 715 2406 Σαναχάριβσς
735 2321 847 2387 Herod.
868 2323 891 2387 1.
913 2323 981 2390 141.
1011 2320 1152 2410 Ἅθίιβις

38 2427 113 2489 siue
127 2420 279 2505 Ἅθριβις,
302 2423 426 2506 Νίσιβις
447 2424 513 2486 sive
535 2423 650 2505 Νισίβι]
672 2421 777 2503 Steph.
800 2439 826 2486 s.
843 2413 1022 2506 Ἀντιόχεια,
1049 2443 1151 2508 quae-

38 2540 116 2588 rere
136 2524 214 2588 nihii
234 2524 352 2588 attinet.
395 2522 480 2598 Quae
501 2523 641 2604 sequitur
661 2521 792 2597 voeatis,
814 2522 949 2586 oeruitur
966 2525 998 2588 ia
1018 2523 1150 2609 κολοβός

39 2629 71 2686 ot
97 2617 224 2706 ὄτοβος,
253 2639 383 2704 quorum
406 2619 481 2685 illud
509 2616 639 2696 ακόίος
665 2626 868 2702 propagatum
895 2627 962 2706 ast,
990 2624 1050 2688 heo
1078 2641 1149 2696 oum

38 2716 174 2806 ὄτταβος
201 2722 381 2802 composui3
408 2719 464 2785 sed
491 2715 602 2804 ὄροβος
632 2719 766 2800 (ervum)
795 2714 996 2801 κοίίόροβος,
1028 2724 1148 2808 Νίοβος

38 2838 67 2885 ι.
91 2820 226 2886 Meiuek.
243 2821 322 2884 illst.
344 2818 414 2884 209.
431 2814 593 2904 Ἀσιρόβαι
619 2835 697 2900 gens
724 2818 830 2884 Indiae
858 2820 980 2886 Arriam
1007 2821 1070 2888 lud.
1097 2824 1147 2892 w.

38 2914 214 3001 Κοννόβας
233 2919 389 3002 Hispanus
409 2920 541 3002 Appiau.
558 2920 645 3000 Hisp.
667 2935 692 2984 ο.
714 2917 763 2984 68.
786 2918 906 3000 (omiss.
928 2920 960 2982 iu
981 2920 1047 3000 Th.)
1068 2918 1146 2986 Kti-

26 3021 110 3108 ιοβις
141 3035 206 3082 uon
233 3020 331 3100 magis
366 3017 405 3082 ad
432 3019 583 3083 rationem
617 3017 758 3082 revecari
785 3024 918 3100 pessunt
947 3035 1038 3099 quam
1064 3038 1145 3102 quaa

40 3119 264 3200 diphthongum
287 3118 445 3182 oeutiueut
466 3111 621 3201 ὅχαοιβος,
643 3121 731 3198 eujus
752 3117 829 3180 mua
848 3117 881 3180 ia
902 3118 1057 3198 seriptum
1085 3139 1146 3186 va-

38 3219 138 3282 rietas
161 3212 325 3299 (ὅχθωβος,
344 3213 482 3300 ἔινθιβος)
505 3213 669 3299 Κόροιβος,
688 3209 890 3296 Ἀσδρούβας,
904 3210 1058 3301 Ἄνουβις,
1079 3215 1144 3285 Ad·

37 3317 158 3398 νουβις,
181 3316 292 3396 quibus
313 3317 444 3398 exempli
466 3333 562 3381 eausa
583 3317 626 3381 uti
648 3331 755 3398 aeger,
776 3316 849 3396 quia
874 3331 987 3396 graeea
1015 3317 1144 3402 desuut;

38 3431 109 3480 nam
123 3407 253 3496 ἀμοιβάς
266 3407 378 3498 ἀμοιβή
398 3431 417 3478 a
435 3415 538 3480 verbis
561 3414 707 3481 derivata.
742 3413 834 3476 Plura
855 3420 886 3479 et
907 3417 1031 3481 notiora
1051 3421 1143 3500 ypsi-

38 3513 68 3577 lo
92 3512 313 3595 praefiniuntur
334 3513 384 3578 vel
410 3514 562 3578 tralatiaio
590 3519 624 3577 ut
650 3507 789 3594 θόρυβος
816 3518 847 3576 et
872 3508 970 3597 τύρβη
1001 3518 1141 3582 uuerbe

38 3607 145 3694 τρύειν
164 3613 314 3695 θορυβεῖν
336 3613 524 3694 Theoguest.
544 3614 580 3678 ΙΙ.
601 3612 652 3696 20,
674 3611 723 3677 15.
741 3611 791 3675 vel
812 3629 851 3675 ex
882 3629 1038 3694 paragoge
1071 3622 1142 3679 orto

39 3719 73 3776 ut
92 3706 254 3792 νόίλνβος,
276 3711 359 3793 qued
381 3711 508 3776 eandem
530 3729 598 3776 oum
618 3706 768 3794 adttados
788 3711 916 3791 stirpem
936 3711 1050 3776 habore
1063 3729 1142 3793 pro-

40 3813 169 3894 prieque
190 3811 347 3893 globulum
368 3811 540 3893 significare
561 3812 771 3894 suspiramur3
793 3827 812 3872 a
832 3809 919 3883 σίσυς
940 3806 1051 3893 σισύρα
1072 3827 1141 3874 ma-

106 4017 135 4088 6)
153 4015 279 4086 Hesychii
289 4015 443 4089 Λάσταρνοι
459 4014 557 4084 πόρνοι
574 4021 601 4072 ol
619 4012 762 4086 Λαστάρνη
778 4013 880 4084 μάστιξ
894 4019 923 4069 ui
938 4011 1028 4083 λαβάς
1044 4011 1141 4083 πόρνη,

44 4099 165 4172 ίώγασας
182 4104 294 4171 teupulo
309 4097 420 4168 μάστιξ,
438 4097 575 4169 λωγάνιον
589 4100 696 4169 paleare
713 4098 792 4154 boum
809 4113 834 4153 v.
852 4098 944 4154 Parati.
961 4098 1004 4157 8¹.

70 4201 179 4254 Ιιοίισίι.
193 4201 332 4265 Patdolog.
896 4181 935 4248 19
