2762 4992
221 277 294 352 m
564 259 889 332 tttsslttt'tnnto
916 261 995 327 titt

224 446 396 514 auditorem
423 431 607 516 signihourh
635 429 667 494 id
693 428 778 492 nullu
804 443 839 490 re
859 425 921 490 ulia
938 427 1050 490 nititur
1070 445 1166 509 quam
1186 428 1322 492 mendosa

224 547 380 627 seriptum
400 537 466 603 titt
486 524 573 611 παρὰ
590 523 627 593 τὸ
646 527 770 602 Quian
789 541 847 606 pro
868 520 987 599 εἰςάειν.
1031 527 1249 590 Terminutioui
1271 511 1322 598 mg

226 641 446 728 diphthongum
454 628 658 732 ffleoedouo
682 632 798 706 negant
822 624 888 687 nit.
899 625 973 718 -1'1,
987 624 1038 689 40.
1069 626 1173 690 Cium
1200 624 1321 689 11193,

224 738 265 810 τὰ
284 735 337 806 διὰ
361 737 421 800 τοῦ
448 755 510 807 tuoe
535 721 783 807 ἀποστρέφονται
808 716 868 804 τὴν
893 743 920 785 ot
945 720 1042 803 χωρὶς
1068 724 1098 787 εἰ
1124 718 1169 806 μὴ
1197 718 1323 788 σύνθετά

225 843 283 910 sto
302 833 388 918 παρὰ
405 827 443 898 τὸ
462 823 585 902 κλεινός.
626 825 682 890 ilis
703 823 794 903 igitur
813 823 953 900 motum
974 823 1031 884 tuit
1053 839 1119 886 non
1141 823 1239 886 solum
1262 819 1323 900 odp’-
1350 826 1356 838 '

226 941 334 1026 ρειτος,
353 933 437 1020 quod
457 931 529 996 otim
549 925 708 1006 legebatur
729 920 874 1004 hpolton.
896 919 945 984 111
967 920 1057 985 1086.
1071 921 1131 984 sed
1145 923 1235 986 etium
1254 938 1324 1002 puo-

228 1043 328 1127 prium
350 1033 546 1113 Κουλγειτος
564 1022 648 1106 quod
667 1023 717 1086 bis
737 1037 787 1102 up.
810 1017 946 1097 Tbnoyd.
969 1020 1122 1098 seriptum
1144 1027 1195 1084 est
1216 1020 1268 1084 sed
1281 1020 1325 1082 al-

229 1149 297 1208 tero
318 1139 391 1201 loeo
412 1129 501 1195 oodd.
523 1121 730 1204 Kotiooioov
750 1119 919 1200 praebent,
948 1123 979 1180 et
1007 1113 1172 1197 Διόγειως
1198 1119 1326 1199 prytanis

229 1240 303 1306 iasii
324 1247 437 1299 nomen
456 1230 488 1290 iu
509 1227 606 1290 lusor.
628 1239 658 1285 n.
678 1218 769 1284 2677.
791 1218 817 1280 si
839 1216 931 1296 hujus
953 1218 1173 1295 estgeuitivus
1190 1219 1247 1281 τοῦ
1261 1222 1325 1280 Am

227 1339 340 1422 putueo.
380 1325 599 1394 hoousntiuum
620 1313 741 1400 ἀλοίτην
760 1313 941 1380 Zenodotus
966 1307 1121 1394 ἁμαρτὼν
1147 1318 1327 1397 interprete·
1363 1345 1364 1388 η

231 1443 282 1500 tus
303 1437 353 1497 est
374 1425 431 1493 sed
450 1441 514 1488 nou
536 1421 677 1502 obtinuit,
691 1431 792 1496 noque
809 1413 955 1477 feminino
967 1413 1059 1494 hujus
1074 1416 1197 1479 formae
1208 1415 1328 1479 admittit
1363 1389 1364 1454 3

232 1548 334 1600 ouuon
363 1523 555 1606 theognosti
583 1512 937 1602 ttt,23.et1tit,2t.
970 1512 1167 1592 Adjootivum
1196 1515 1327 1576 novimus

230 1630 357 1712 nultum,
375 1643 445 1692 num
458 1617 579 1687 ”Aouov
598 1613 676 1701 ταχὺ
696 1616 768 1680 Hos.
788 1612 853 1676 titt.
874 1611 1031 1691 scripturn
1052 1611 1155 1676 solnm
1178 1611 1274 1676 ditiori
1294 1609 1327 1671 ab

233 1727 338 1814 ἄητον.
365 1725 502 1792 Alterius
522 1718 701 1802 diphthongi
723 1712 894 1794 onomplum
916 1711 1037 1774 unicum
1059 1706 1184 1793 eutimii
1198 1729 1329 1789 -ττρος-

232 1829 372 1913 λαβοῦσα
391 1819 429 1888 τὸ
448 1831 471 1888 d
492 1814 571 1900 πρὸς
590 1808 747 1900 διαφορὰν
754 1831 826 1906 -τ-ηέ
841 1811 973 1904 τελεῖ-ῆς-
981 1810 1069 1873 Eust.
1089 1810 1163 1892 881,
1182 1808 1233 1873 32.

317 1936 348 2003 s.
371 1926 401 1991 5.
441 1923 488 1987 Do
509 1917 684 1984 nominibus
704 1915 736 1978 in
755 1933 829 1992 ητος
849 1915 879 1974 et
899 1931 975 1992 ητης
994 1909 1182 1972 exeuntibus
1209 1905 1328 1970 iisdem·
1363 1897 1364 1900 ’

234 2047 294 2114 que
316 2023 482 2110 pmugogis
503 2022 536 2084 iu
556 2017 634 2083 hdn.
665 2012 704 2077 od
724 2013 830 2075 Buttm.
858 2008 929 2074 tto.
950 2015 980 2074 et
1000 2007 1071 2072 402.
1098 2014 1163 2071 tum
1191 2009 1258 2072 inse
1279 2022 1329 2067 oo-

235 2131 387 2212 pioseque
408 2120 541 2185 dissonui
562 2123 595 2179 ut
617 2113 830 2195 supplemento
852 2125 916 2171 nou
938 2123 1017 2189 opus
1039 2107 1090 2170 sit.
1134 2105 1198 2170 Sed
1220 2121 1274 2187 pro
1288 2103 1330 2166 di-

234 2243 326 2292 verso
349 2221 454 2304 operis
476 2219 598 2282 ratione
619 2213 679 2276 buo
699 2207 861 2274 reserenda
881 2213 955 2270 sunt
981 2199 1140 2287 Λίονητης
1167 2215 1200 2268 et
1228 2203 1330 2283 αἰοοη-

233 2322 302 2410 νήη,
324 2336 453 2403 qnorum
475 2314 712 2398 primitivonum
733 2313 839 2372 extant
861 2312 891 2368 et
913 2306 980 2384 pari
996 2305 1191 2368 obscuritate
1202 2303 1331 2366 involuta

234 2421 355 2506 θάρσος
376 2415 473 2502 ἄητον
494 2421 524 2480 ot
545 2407 646 2491 πέλωρ
667 2409 784 2492 αἴητον,
807 2405 845 2470 ud
866 2405 945 2466 haee
966 2419 1151 2485 paronpmu:
1182 2403 1222 2466 ub
1243 2395 1330 2482 diuiti
1363 2409 1364 2416 ’

235 2517 394 2606 ἀλαλητός,
416 2511 499 2597 πάντη
520 2504 660 2593 κνττητόν
682 2503 833 2589 (τάπητον
855 2501 975 2584 potins)
995 2496 1098 2583 τροφὴ
1125 2503 1249 2584 κτηνῶν
1267 2501 1331 2564 Hes.

235 2621 402 2707 ψάμμητον
434 2615 576 2694 dononio
603 2605 670 2676 idio
698 2605 782 2671 Suid.
829 2601 981 2668 Arcadius
1009 2620 1037 2683 p.
1065 2601 1115 2666 81.
1145 2607 1177 2664 et
1205 2601 1330 2679 Theogn.

236 2745 266 2810 p.
287 2724 336 2788 to.
360 2720 489 2784 aderunt
502 2711 641 2795 Ἄρητος,
664 2701 808 2789 Λάμητος
826 2695 962 2782 ποταμός
984 2700 1118 2781 (Steph.)
1140 2694 1274 2782 βύνητος
1299 2691 1331 2760 εἷ-

236 2825 291 2898 δος
318 2819 441 2901 ἱματίου
461 2805 537 2892 παρ’
560 2806 755 2891 Αἰγυπτίοις,
784 2798 927 2884 Μέλητος
947 2797 1031 2880 quod
1049 2815 1142 2878 quum
1163 2817 1184 2862 a
1204 2795 1331 2870 Μέλττος

239 2921 402 3003 expulsum
425 2921 511 2979 esset
532 2913 647 2995 primus
669 2903 828 2983 Bouttojus
849 2901 880 2963 in
902 2901 1002 2963 looum
1018 2899 1154 2962 restituit
1167 2917 1195 2964 v.
1211 2899 1333 2964 Schnei-

238 3022 301 3089 der.
326 3018 363 3081 de
387 3013 492 3080 Sohot.
513 3007 672 3088 Aristopb.
693 3021 722 3084 p.
743 3003 792 3067 41.
814 3007 845 3064 et
871 2997 1019 3080 quaedum
1047 2997 1206 3076 ignotiora
1233 2992 1333 3062 Koud-

238 3139 332 3203 ρητος
350 3107 498 3194 ποταμός,
511 3104 644 3187 Ἔνητος
663 3098 784 3183 κύριον,
806 3095 964 3181 Κόρητος,
995 3113 1125 3178 quorum
1153 3097 1251 3176 ptimo
1278 3111 1333 3158 non

179 3245 180 3248 ¹
237 3215 398 3284 admodum
420 3210 531 3275 similia
558 3220 659 3285 neque
690 3203 788 3282 magis
815 3206 901 3264 certa
930 3204 1001 3263 sunt
1032 3196 1193 3259 fluviorum
1219 3196 1333 3258 nomina

238 3316 320 3400 apud
348 3313 508 3392 Scylacem
537 3296 742 3384 Καταοβάτης
767 3317 796 3382 p.
825 3299 853 3362 7.
883 3304 914 3362 ot
945 3290 1109 3376 Κούδητος
1138 3312 1168 3375 p.
1199 3295 1247 3359 27.
1273 3295 1330 3358 sive

237 3412 405 3486 Κούοοτος
424 3429 453 3473 v.
478 3407 554 3472 Guil.
576 3421 605 3484 p.
626 3400 697 3466 433.
719 3417 737 3462 a
758 3395 895 3462 sooundo
917 3411 981 3460 uon
1010 3394 1136 3458 multum
1166 3395 1260 3458 distat
1279 3392 1332 3456 Ai-

237 3535 338 3602 νητος,
362 3505 506 3591 Κόρητος
527 3507 663 3569 fortusse
686 3506 734 3564 est
754 3512 843 3560 mons
865 3511 955 3576 quem
974 3493 1142 3572 Dionysius
1159 3494 1243 3557 Anti.
1257 3493 1276 3556 1.
1291 3491 1330 3556 14.

238 3612 385 3699 Κόρητον
399 3605 472 3692 ὅρος
484 3608 634 3668 incertum
648 3616 709 3680 quo
726 3612 840 3676 genere
856 3593 1000 3675 appellat.
1028 3592 1094 3655 Neo
1108 3609 1209 3672 pauoa
1228 3593 1332 3655 omissa

239 3723 310 3783 sunt
323 3708 460 3791 Ἤρητος
487 3704 579 3783 urbs,
606 3693 791 3778 Λαβύνητος
817 3692 1005 3772 Babylonius
1026 3690 1140 3755 Herod.
1161 3693 1184 3756 1.
1206 3692 1252 3756 tt.
1277 3692 1331 3769 ty-

239 3824 328 3893 oetus
349 3808 501 3886 Aethiops
524 3798 610 3865 Ouid.
632 3798 704 3860 Met.
724 3795 745 3859 l.
767 3795 816 3858 tt.
841 3793 973 3874 Φίλητος
993 3789 1091 3853 Paulli
1112 3792 1229 3854 amiens
1246 3791 1330 3870 Epist.

241 3916 277 3980 ΙΙ.
298 3911 336 3978 ad
357 3910 432 3972 Tim.
454 3903 489 3968 Il.
513 3900 560 3964 17.
581 3895 673 3960 Anti.
695 3895 775 3973 App.
797 3909 825 3956 11.
847 3889 917 3956 380.
940 3884 1124 3971 Κυνοὶρητος
1146 3890 1238 3955 Codri
1264 3890 1330 3954 filius

238 4014 330 4077 Pons.
358 4007 421 4070 vlt.
444 4003 479 4081 2,
505 3998 552 4063 10.
575 3997 634 4059 eto.
664 3993 827 4071 omniaque
852 3989 906 4053 illa
927 4006 1006 4070 quae
1028 3987 1141 4070 duplioi
1162 3978 1181 4053 ἱ
1201 3990 1330 4054 soribun-

242 4117 290 4173 tur
310 4105 465 4172 homiuum
486 4099 686 4173 locorumque
701 4089 824 4154 uomina
841 4081 1011 4172 Ἀρδηττός,
1035 4085 1221 4173 Famis,
1237 4083 1328 4171 ‘ippu-
