2768 4994
131 265 204 330 DE
219 263 313 329 ΝΟΜ
328 261 494 339 QUORUM
509 262 623 328 CHAR.
635 262 713 329 dsr
726 263 857 331 stent.
878 266 910 332 C.
927 267 948 331 Ι.
966 273 997 343 §-
1005 267 1033 334 2.
1081 270 1143 340 du

19 449 40 496 s
67 429 268 512 affingunt,
295 428 334 495 ab
365 429 475 508 etpmis
500 427 648 509 pleraque
674 429 791 508 ignotis
809 429 902 494 ducta
921 432 954 496 in
974 432 1062 498 libris
1082 451 1146 500 nc-

16 533 86 594 tris
105 546 187 594 nec
204 530 284 592 inter
293 545 329 592 se
343 525 544 609 concordant,
558 543 618 590 nec
638 543 706 590 cum
719 531 895 610 praeceptis
912 531 1144 599 chbuiccrum.

15 625 58 693 Γὰ
74 629 129 704 εἰς
144 616 239 711 ἶσος
248 621 390 703 ὀξύνεται
408 621 594 707 Ταρτησσὸς,
603 623 798 708 Λυρνησσός,
807 624 1020 710 Λυκαβησσός·
1033 627 1145 713 adpic-

15 751 52 791 οι
73 722 252 809 Καρησός
257 722 336 800 τινὲς
349 720 531 808 βαρύνουσο
552 724 595 788 Εἰ
608 719 641 788 de'
653 746 683 788 τι
694 720 871 806 βαρύτονον
883 727 941 809 εἴη,
953 725 1146 812 παρώνυμον

15 826 46 891 ἓν
70 827 129 909 εἴη
155 820 211 900 ὦς
236 819 271 888 τὸ
292 820 490 907 Μάρπησσος
515 817 580 886 ἀπὸ
605 824 663 887 τοῦ
684 819 867 906 Μάραησσα
886 821 908 908 ἢ
928 823 1082 892 σύνθετον
1103 823 1146 906 ὦς

15 922 243 1008 Μυόννησος,
263 920 448 1006 χερσόνησος
468 924 539 986 Arc.
557 923 606 986 77.
628 923 681 1004 qui
700 930 754 988 aut
776 926 877 988 omnia
891 925 945 988 iila
957 927 1004 989 sic
1019 935 1050 990 ut
1067 947 1146 1009 syn·

15 1028 103 1090 beta
127 1026 223 1088 haec
243 1024 369 1102 scripsit
390 1029 443 1086 aut
464 1039 544 1104 quac
564 1038 656 1084 unum
678 1023 776 1101 sigma
795 1022 909 1086 habent
930 1029 962 1086 ct
983 1042 1062 1105 quac
1083 1027 1144 1094 duc

14 1124 131 1189 cadem
169 1122 320 1203 pensavit
347 1122 468 1185 trutina.
519 1121 639 1185 Clarius
670 1121 806 1201 loquitur
836 1121 1071 1202 Theogncstus:
1105 1123 1145 1192 cit

13 1219 166 1300 ὂξύιονοι
193 1214 247 1284 διὰ
266 1216 326 1284 δύο
347 1206 386 1285 ὦ
405 1215 580 1303 γράφονται
596 1215 819 1301 Μυκαλησσός,
846 1217 1039 1304 Ταραησσός,
1061 1227 1144 1308 Λυρ.

14 1317 151 1404 νησσός,
174 1313 346 1401 Ἐλβησσός
361 1315 462 1402 ὄνομα
475 1320 643 1402 ποταμοῦ]
658 1311 841 1413 Ὀρόησσός,
857 1317 1038 1403 Μοδησσός,
1061 1327 1144 1391 Σαλ-

14 1415 203 1504 μυδησσός.
250 1413 294 1481 Τὸ
316 1414 451 1501 dipem,
480 1419 633 1501 Bptipccp
658 1412 694 1480 δι’
718 1412 787 1491 ἑνὸς
807 1434 826 1480 o
845 1416 1028 1502 γραφόμενα
1048 1419 1143 1504 βαρύ.

13 1543 139 1586 νονται.
200 1513 244 1582 Τὸ
265 1514 463 1602 Μάρπησσος
481 1513 672 1599 παρώνυμον
691 1509 734 1590 ὥς
754 1512 920 1591 Μέλισσος.
961 1521 1018 1584 Hie
1038 1519 1144 1608 Κορης

13 1636 72 1696 σος
95 1617 309 1684 scribendum
337 1635 409 1684 esse
438 1635 495 1699 pro
517 1612 640 1699 Κέηοος
660 1624 790 1698 apparet
819 1635 836 1680 c
858 1618 929 1682 Scir.
950 1619 1071 1700 HXH.
1093 1623 1142 1690 20.

13 1721 69 1784 nbi
94 1717 338 1799 Tyrannionem
365 1717 496 1798 tegimus
517 1711 665 1798 Καρησός
692 1715 860 1795 scripsisse
888 1719 1142 1788 consuetudinem

15 1819 213 1882 accolarum
234 1821 412 1899 sequutum,
442 1815 655 1880 Aristarchum
682 1830 757 1877 vcro
778 1813 839 1878 bcc
859 1830 972 1878 nomen
992 1833 1143 1895 gravasse

17 1917 262 1998 comprobante
286 1913 462 1976 Herodiano
491 1921 659 1994 propterca
686 1911 769 1994 quod
797 1918 934 1990 cnytcna
960 1912 1021 1977 duc
1044 1918 1144 1998 sigma

18 2017 165 2080 habeant
189 2007 442 2094 Zibucpcmcodc,
471 2006 693 2094 Λυκαβησσός,
727 2006 918 2092 Ταρτησσός,
945 2011 1019 2074 illud
1041 2030 1141 2082 unum.

20 2116 70 2178 Ha
92 2111 249 2197 Χάλησος
261 2111 366 2174 Aetoli
382 2110 542 2190 cujusdam
555 2126 668 2174 nomen
689 2109 872 2188 barytcnum
890 2115 939 2172 est
958 2109 1065 2189 Polyb.
1078 2112 1142 2178 ΜΩ

23 2213 52 2297 9,
74 2214 105 2278 2.
137 2209 282 2296 Hippos,
304 2204 460 2291 Κάβησος,
482 2205 649 2293 Σᾶρδησος
668 2209 700 2272 in
721 2206 789 2271 cod.
811 2207 969 2289 Stephani,
993 2205 1141 2294 Πρύμυη-

24 2325 79 2386 σος
100 2311 246 2377 Hierocl.
262 2307 393 2389 Synccd.
413 2325 438 2373 c.
454 2309 503 2374 26.
525 2308 581 2373 sed
601 2300 791 2390 Πρυμνησός
813 2313 973 2386 oxptcnon
993 2307 1025 2370 in
1048 2311 1142 2376 omni·

26 2409 85 2473 bus
107 2411 205 2476 ccdd.
226 2410 318 2474 Paus.
339 2407 374 2471 V.
395 2407 445 2490 21,
466 2407 494 2472 5.
517 2407 639 2470 incolae
664 2408 878 2488 Πρυμνησοεῐς
899 2405 1012 2470 Sestin.
1028 2407 1076 2472 IX.
1091 2408 1140 2478 66.

22 2500 180 2592 Ἀσοησός
200 2506 314 2572 Herod.
334 2507 356 2571 t
379 2505 426 2570 19.
447 2511 480 2570 ct
500 2505 561 2568 alia
581 2503 770 2586 eujusmodi,
802 2520 931 2584 qnorum
953 2506 1141 2584 perdifficilis

29 2613 78 2669 est
99 2606 303 2689 dijudicatio,
333 2607 404 2687 quia
433 2605 516 2670 etin
536 2611 666 2668 accentu
687 2619 795 2685 parum
815 2601 885 2665 idei
907 2610 939 2665 ct
960 2605 1058 2686 sigma
1078 2623 1142 2673 non

31 2705 132 2768 sctum
151 2707 187 2768 in
209 2705 295 2768 libris
318 2705 374 2768 sed
396 2705 487 2767 etiam
498 2705 531 2767 in
545 2703 675 2766 nummis
692 2709 722 2765 et
735 2700 888 2781 lapidibus
903 2701 1035 2768 literatis
1048 2704 1140 2771 modo

33 2802 155 2867 additur
177 2803 271 2868 modo
294 2803 432 2867 demitur.
479 2801 594 2866 Eadem
621 2801 831 2864 inconstantia
857 2806 906 2862 est
933 2803 1088 2867 nominum
1109 2804 1142 2873 in

33 2887 115 2976 Μ
128 2905 308 2968 exeuntium
327 2901 383 2966 sed
402 2901 452 2964 bic
473 2899 533 2963 alia
552 2899 695 2964 molestia
717 2898 836 2962 accedit
858 2915 896 2962 cn
916 2903 1141 2979 permutatione

34 2999 193 3067 literarum
203 2989 252 3065 σο
273 3012 304 3068 et
322 2987 366 3065 τ’τ.
406 2999 483 3063 Nam
507 2993 694 3091 Παρνασσός
714 2996 834 3077 quidem
856 3014 1009 3078 nunqnam
1031 2987 1143 3081 pere-i

36 3102 196 3186 scribitur,
225 3118 283 3165 nec
305 3105 337 3164 Γ
333 3093 482 3181 epypam
509 3115 565 3179 per
587 3111 634 3181 σο,
662 3114 718 3178 pro
735 3088 909 3178 Ὑμηττὸςὸ
929 3114 1003 3162 verc
1028 3100 1058 3164 in
1076 3101 1142 3164 He-

36 3198 99 3263 rcd.
122 3201 172 3265 Vi.
199 3200 266 3266 137.
289 3194 444 3284 ’Τμηοοός
471 3205 505 3261 ut
534 3191 705 3279 Βριληοσός
732 3197 798 3260 sive
828 3190 995 3278 Βριληοός,
1023 3195 1080 3262 sed
1110 3206 1142 3265 et

36 3296 94 3361 troc
119 3315 339 3380 nonnunquam
368 3283 486 3379 perc-c,
514 3295 687 3377 triplicique
708 3296 801 3362 mcdc
824 3290 1043 3378 συκαβησσός,
1078 3298 1143 3363 ,Λν-

103 3579 131 3644 'it
156 3579 215 3636 Hcc
231 3580 347 3646 ignotum
366 3583 419 3644 est;
437 3575 584 3648 Ἀραησοός
600 3576 724 3645 ποταμός
750 3577 862 3646 Appiam.
888 3573 944 3628 Cir.
966 3573 1009 3628 IV.
1036 3574 1093 3630 103.
1114 3581 1142 3630 et

42 3660 198 3728 Περμηοοός
217 3665 345 3730 ascripto
364 3662 467 3728 longius
493 3661 635 3730 recedunt;
661 3673 756 3714 nurrrna
777 3653 938 3726 Ἑσεμησσός
963 3655 1005 3710 vei
1026 3656 1137 3724 Ἑρμησ.

45 3735 87 3796 σός
103 3741 191 3814 ὄνομα
211 3744 314 3802 πόλεως
330 3743 452 3812 scripsit?
473 3759 531 3798 nam
550 3741 626 3800 πόλις
644 3749 670 3797 et
687 3739 810 3808 ποταμός
827 3741 933 3807 saepius
954 3737 1069 3794 coniusa.
1091 3739 1140 3794 Prc

46 3825 184 3891 Μοσησσός
207 3835 279 3885 certe
300 3825 437 3891 'educata
468 3824 614 3897 Ὀρδησσός
638 3823 708 3878 fluvii
729 3837 824 3879 nomen
840 3825 868 3875 in
886 3821 962 3876 ccdd.
981 3819 1076 3877 Herod.
1098 3823 1140 3877 lv.

48 3906 237 3980 ittffcpcqceoa
248 3911 379 3984 Ὅρσηοος
396 3917 423 3966 et
435 3911 576 3980 Ὄρδισσος
593 3911 715 3978 scriptum
735 3913 784 3963 esi.

107 4008 135 4077 8)
147 4008 282 4080 Ὓμητιος
298 4016 520 4080 proparorytccos
537 4008 666 4078 Tbccpbr.
688 4006 722 4062 de
739 4006 812 4073 sign.
829 4003 880 4071 Ac.
899 4003 921 4058 Ι.
939 4002 964 4066 §-
981 4002 1023 4070 20,
1040 4005 1099 4062 787.
1114 4015 1142 4061 et
1214 4077 1218 4086 1

49 4086 80 4140 H·
97 4091 120 4157 d,
138 4094 195 4152 ⁷95.
215 4101 305 4150 contra
321 4095 439 4163 reguiam
456 4093 581 4164 Stephani
599 4107 621 4148 s.
641 4088 803 4160 Γοργηηός.
