2758 4994
186 202 257 270 aad
537 194 859 264 dissuasorio
885 195 933 261 lt.

186 359 309 448 ςυιιόνρ
335 381 356 428 ιι
375 358 469 440 κάλος
487 358 618 447 κολοβός
637 361 767 442 repetit,
793 354 916 444 κορώνη
935 361 1002 428 sive
1021 355 1164 444 νόςωυον
1185 365 1302 428 nostri

188 465 273 531 dooti
301 479 370 528 euna
396 463 492 528 latino
519 481 602 528 οουο
627 467 817 542 oompouuut
843 459 924 526 unde
946 476 1027 526 οοιιο
1048 462 1071 526 i.
1090 479 1120 543 q.
1141 468 1235 526 eatan
1256 469 1303 532 et

190 563 343 648 conqueri
369 561 439 644 iq.
466 560 609 626 iuuenali
634 577 662 626 ι.
690 559 787 624 llaud.
817 559 945 624 Turseli
966 559 999 624 Τ.
1020 559 1054 624 ll
1075 560 1125 626 31.
1146 557 1303 644 χορωνός

191 679 309 728 narona
330 679 349 726 a
369 656 460 744 χορός
481 660 630 743 oireulus,
661 666 693 723 at
713 659 918 740 polysemauti
936 653 1060 742 κορώνη
1080 661 1303 742 significatio-

190 779 248 828 nes
269 761 373 826 uarias
393 759 432 824 ad
455 759 613 824 notionem
634 757 720 822 ourui
740 765 903 837 rouooaut;
930 752 1060 842 tandm
1081 759 1188 842 polypi
1209 777 1302 842 spe-

192 863 257 928 eies
271 861 407 924 tortasse
424 862 553 940 proptor
567 857 666 920 cirros
681 850 874 938 (πλεκτάνας)
888 855 1083 922 denominata
1095 866 1146 922 ost
1159 859 1300 922 averbo

191 955 284 1025 eodm
326 951 478 1039 Kpotalmp
498 973 572 1020 vero
593 955 808 1036 inexplicabile
835 963 868 1021 ut
889 957 984 1021 multa
1004 975 1023 1022 a
1044 956 1302 1073 Glossograpluis

193 1058 373 1126 adnotata⁸
392 1055 555 1138 Adiectiua
576 1056 635 1120 tria
653 1055 775 1136 reperio
793 1050 943 1138 κορωνός,
970 1055 1053 1138 quod
1073 1074 1142 1120 eum
1161 1052 1302 1140 κορώνη

193 1157 354 1239 cohaeret,
383 1161 414 1220 et
434 1153 572 1218 verbalia
589 1148 723 1236 peponis
748 1160 779 1218 et
798 1149 951 1231 teevm'
931 1177 1038 1238 ομοιος
1057 1155 1129 1221 llos.
1157 1174 1303 1238 quorum

192 1255 267 1322 illud
280 1254 524 1318 terminationem
545 1269 565 1316 a
583 1253 679 1318 uerbo
701 1253 803 1338 babet,
823 1255 884 1320 boe
903 1255 1071 1320 ascitieiam
1083 1261 1118 1318 ut
1129 1257 1303 1337 proprium

196 1349 329 1438 Πυυύνη
350 1353 417 1418 sive
439 1344 596 1434 Hmudvp,
624 1351 708 1434 quod
727 1351 803 1418 nihil
824 1353 906 1418 aliud
925 1370 1016 1436 quam
1034 1347 1148 1436 ποτηνή
1170 1355 1302 1436 signib-

195 1469 266 1518 oare
286 1451 407 1516 uidetur
426 1452 464 1516 ol.
484 1448 618 1516 Boeoldu
641 1449 680 1515 ad
699 1452 794 1516 lusor.
814 1451 890 1516 Nau.
914 1471 943 1534 p.
960 1452 1053 1518 289.⁹
1082 1452 1216 1518 Nomina
1238 1472 1302 1520 se-

195 1550 312 1616 eundae
334 1547 549 1614 deoliuatiouis
570 1549 721 1614 ulroadius
739 1557 876 1629 oxytona
893 1568 965 1617 esse
979 1551 1070 1616 tradit
1083 1560 1207 1634 praeter
1222 1549 1302 1620 Κό-

194 1671 295 1734 ρωνος
316 1647 398 1732 quod
419 1645 540 1727 grauari
561 1654 689 1728 propter
710 1648 879 1730 diastolen,
900 1648 956 1714 sed
976 1649 1008 1716 id
1028 1668 1150 1733 quoque
1172 1656 1303 1721 aeuitur

196 1749 322 1830 saepius
346 1766 373 1812 ιι
395 1744 507 1812 Siebel.
529 1741 574 1809 ad
589 1745 679 1810 Paus
702 1746 734 1810 T.
755 1747 777 1810 Ι.
801 1747 869 1814 176.
892 1755 923 1814 et
944 1750 1059 1830 pariter
1076 1747 1206 1832 Οἰωνός,
1230 1756 1302 1819 Ko-

196 1844 296 1923 aeota
323 1847 401 1912 Plut
429 1845 554 1922 Quaest
583 1843 632 1908 Gr.
652 1844 712 1909 XL.
735 1846 854 1929 aliaque
881 1848 1083 1913 substantivis
1115 1849 1304 1920 homotona

196 1947 343 2028 Regulam
363 1949 532 2026 sequuntur
552 1939 711 2028 Δοκιονός,
728 1937 901 2026 ’mnemia
922 1947 1050 2030 0ppiau.
1072 1949 1145 2061 Cyn
1165 1951 1201 2015 IL
1224 1951 1302 2021 115.

200 2047 320 2128 (omiss.
342 2045 374 2109 iu
396 2043 463 2126 Tlu.)
489 2036 650 2124 Όθροουός
675 2042 826 2124 Lyoophr
852 2047 1049 2111 multavere
1077 2029 1208 2128 migrant
1231 2069 1302 2118 non

200 2145 300 2210 solum
322 2144 475 2226 Γίγωνος,
502 2135 660 2222 Δώδονυς
680 2143 786 2222 Stepb
807 2149 838 2208 et
859 2144 928 2210 seh.
949 2145 1077 2212 11.le
1093 2146 1164 2212 233
1185 2145 1302 2214 Εὔδω-

199 2265 263 2322 υος,
276 2237 411 2320 Ἴτωνος,
437 2240 591 2322 Τρίτωνος
612 2241 717 2322 steph.
738 2258 817 2323 quae
837 2251 964 2326 propter
981 2245 1140 2310 breviores
1158 2252 1305 2316 nomina·

201 2345 282 2408 tiuos
302 2341 415 2424 spuo,
427 2333 529 2418 Ἴτυν,
550 2339 659 2406 Endon
681 2347 738 2406 ete.
758 2341 798 2406 ad
818 2341 1004 2408 anadromen
1024 2346 1132 2410 relerri
1153 2356 1302 2432 possunt,

201 2442 257 2506 sed
286 2442 377 2506 etiam
393 2433 567 2518 Ἄννωνος,
595 2433 776 2520 suvevos,
803 2440 886 2522 quod
911 2441 1127 2523 Theoguostus
1150 2448 1303 2528 oxytonis

202 2540 389 2622 adnumerat,
415 2534 580 2622 Τέρπωυος
600 2539 674 2602 urbs
694 2539 726 2602 iu
739 2539 861 2619 lllyrioo
879 2539 940 2604 sita
953 2541 1084 2624 Appiam
1097 2542 1180 2626 sslpr.
1195 2545 1304 2616 Xlllll.

202 2655 292 2723 quam
313 2644 403 2702 uetus
424 2637 576 2722 interpres
599 2637 694 2720 leupo
716 2637 823 2720 reddit,
841 2631 979 2723 Ἀβώνου
997 2647 1103 2724 τεῖχος.

304 2991 360 3059 De
383 2991 581 3058 nominibus
606 2993 644 3060 in
670 3012 779 3070 συνος
803 2997 838 3059 el
861 3011 954 3081 συνη
980 2996 1202 3064 obeuntibus.

290 3146 319 3214 s.
346 3138 373 3203 1.
411 3137 481 3202 Tria
507 3140 561 3203 illa
588 3138 755 3224 adjectiva,
787 3158 865 3221 quae
885 3140 1077 3205 Herodianus
1098 3143 1129 3207 in
1151 3147 1303 3228 prinoipio

207 3238 378 3319 superioris
396 3238 506 3318 eapitis
522 3245 649 3320 propter
665 3239 823 3320 aequalem
839 3240 1022 3320 penultimae
1035 3257 1211 3306 mensuram
1227 3261 1305 3309 oon-

208 3338 350 3419 sociavit,
371 3335 476 3399 eadem
500 3338 590 3401 aliam
613 3338 652 3402 ob
675 3354 799 3401 eausam
811 3339 912 3418 J'uuxit
926 3339 1105 3403 Eustathius
1119 3357 1149 3421 p.
1164 3341 1236 3421 709,
1257 3343 1305 3409 53.

208 3435 399 3517 συρακουσίοι
419 3429 496 3510 λέξις
516 3429 534 3499 ὁ
555 3436 683 3511 πίσυνος
707 3431 743 3499 ἐκ
767 3437 825 3500 τοῦ
849 3438 943 3502 πείσω
966 3433 1130 3521 γενομένη·
1158 3433 1308 3524 ἀναλογία

209 3532 242 3600 δὲ
263 3528 362 3599 αὐτοῦ
382 3527 460 3598 κατὰ
480 3529 516 3597 τὸ
537 3531 739 3615 δεσπόσυνος,
766 3531 937 3618 θάρσυνος·
965 3539 1092 3603 τοιαῦτα
1111 3533 1145 3604 δέ
1166 3562 1239 3606 τινα
1254 3538 1308 3606 καὶ

276 3786 306 3854 8)
326 3782 457 3856 Γροθώνρ
475 3783 569 3854 γραῦς,
586 3783 697 3854 Γογώνρ
715 3783 833 3855 φάρυγξ,
855 3787 979 3840 Anteiam
996 3791 1065 3851 ζειαί
1074 3788 1137 3846 Hes.
1159 3789 1308 3859 Γρονθυὶνρ

212 3867 368 3938 Theognost.
389 3870 446 3924 siue
464 3870 684 3937 interpretatione,
705 3869 814 3926 tortasse
832 3885 848 3925 a
863 3869 983 3941 γρόνοος
999 3872 1042 3928 uel
1060 3871 1199 3941 ypdvdov.

280 3968 308 4034 9)
326 3966 460 4036 Πρωιώνρ
478 3967 591 4022 Platonis
609 3983 683 4023 soror
699 3968 793 4024 dieitur
809 3971 836 4024 in
852 3969 941 4026 Selol.
961 3971 987 4024 iu
999 3970 1106 4027 Aristot.
1120 3987 1147 4041 p.
1165 3973 1208 4029 2³.
1225 3973 1251 4028 b.
1264 3974 1307 4031 to.

214 4051 257 4107 ed.
276 4050 368 4105 Brund.
390 4052 499 4120 quasia
519 4051 660 4106 masculino
677 4051 803 4122 Πρώτων.
