2770 4992
199 297 255 363 DE
276 297 414 365 NOMIN.
436 300 478 366 IN
496 285 538 366 ἶλ
557 297 817 367 EXEUNTIBUS.
845 301 878 367 C.
891 301 913 366 l.
942 308 972 378 ς.
985 301 1014 366 2.
1038 326 1046 340 ·
1112 301 1159 368 89

55 462 200 546 liquidam
221 481 261 527 err
280 465 394 528 ricinia
414 467 550 531 traxisse
562 465 712 531 ridentur.
752 463 860 547 Neque
874 465 951 530 haec
965 466 1066 530 solum
1081 466 1171 530 cou·-'

56 581 132 628 sona
153 564 324 626 asciscitur
343 564 400 628 scd
420 566 575 646 quaelibet
596 565 675 629 aliae
696 565 788 628 modo
812 582 850 630 ex
872 564 1003 628 occultis
1022 563 1160 628 lontibus

55 663 182 726 induunt
202 661 298 725 modo
320 679 359 726 cx
380 665 543 744 contiguis.
585 664 625 728 Ut
647 682 666 727 a
687 663 732 727 cci
750 662 848 745 (σείω)
864 657 994 746 σαβάξαι
1014 663 1162 726 σαλεῦσαι

55 764 124 827 lles.
146 763 196 826 sic
218 779 238 824 a
260 759 307 838 dei
329 759 408 842 ραίω
430 764 537 846 pario,
567 761 647 827 unde
668 757 796 846 ῥαωτήρ
816 762 955 844 malleus,
977 749 1170 843 productum

56 869 102 925 est
122 855 275 943 ραβάοοω
305 868 336 924 ct
363 853 550 945 άῤῥαβάοοω
577 861 785 942 significandis
815 859 991 924 salientium
1020 852 1171 940 tripudiis

57 962 106 1040 qui
131 954 231 1023 πέδον
251 955 377 1041 ῥήσσων
398 960 555 1040 dicuntur3
590 967 621 1024 et
650 961 688 1024 ab
710 960 818 1024 eodem
840 957 990 1039 principio
1013 956 1070 1021 sed
1090 945 1173 1022 mu?

57 1064 117 1122 tato
148 1059 287 1140 paudum
308 1058 467 1122 intellectu
487 1055 655 1138 ραθάοοω,
687 1057 853 1122 accedente
881 1055 995 1120 dentali
1023 1071 1102 1136 quac
1128 1056 1162 1120 ln

57 1156 259 1238 δαδαπνγίζω
281 1162 420 1238 apparet.
461 1159 509 1222 ab
531 1159 716 1238 homonyme
740 1164 850 1239 autem,
871 1155 954 1237 quod
975 1155 1008 1219 in
1029 1143 1171 1236 ρ’άοοατο

57 1263 216 1338 superest,
246 1272 310 1319 non
339 1255 440 1320 solnm
460 1254 557 1335 ῥαίνω
578 1257 634 1321 sed
656 1257 747 1320 etiam
769 1253 911 1338 dedalea
939 1259 970 1318 et
990 1249 1159 1337 ῥαδαμίζω.

59 1356 141 1430 Quae
163 1357 312 1418 universa
332 1354 515 1419 adminiculo
538 1357 671 1420 nominis
694 1355 841 1420 destituta
857 1360 939 1438 sunt,
961 1354 1026 1416 sive
1040 1351 1073 1417 id
1086 1368 1163 1417 casu

58 1457 180 1520 evanuit
208 1455 275 1518 sive
301 1469 455 1532 nunquam
481 1454 691 1519 substructum
718 1459 776 1518 cst.
818 1453 955 1534 Namque
976 1469 1095 1535 sermo,
1127 1457 1162 1515 ut

58 1555 158 1634 paullo
178 1560 251 1617 aute
273 1551 422 1634 dicebam,
442 1567 524 1615 nunc
544 1552 628 1615 velut
650 1569 688 1616 err
709 1553 902 1635 praescripto
925 1549 1053 1616 alterum
1073 1543 1173 1634 alteri

59 1654 173 1733 affingit
196 1660 227 1716 el
249 1651 396 1715 adstruit:
418 1647 501 1732 φλέω
524 1651 642 1734 φλῆνος
662 1647 844 1734 φλανάσσω,
865 1645 993 1714 πλάσσω
1007 1643 1160 1734 (ciriacae)

59 1748 156 1834 πλάτη
178 1767 293 1834 remus,
318 1765 407 1830 quem
423 1749 601 1814 Herodotus
622 1751 777 1834 πλῆκτρον
790 1751 872 1834 dicit,
893 1743 1054 1813 πλατάνοω
1077 1747 1161 1814 Suid.

59 1869 82 1915 s.
105 1845 334 1931 Πλαταμώνιον
353 1883 395 1894 -
414 1849 495 1912 παίω
516 1850 607 1930 pario
623 1849 754 1930 depnvie
773 1845 869 1924 πάτος
886 1847 988 1932 (q'uasi
1002 1847 1162 1931 pauimen-

60 1950 132 2032 tum)
154 1945 314 2026 πατάσσει),
336 1941 421 2010 κλάω
441 1942 556 2021 κλάδος
574 1945 773 2032 κλαδάσσω,9
793 1943 907 2032 θραάω
923 1949 1063 2026 θραῦλος
1076 1951 1162 2028 θρυ-

59 2051 126 2126 ere
150 2067 208 2113 seu
228 2048 406 2128 &pelicem
434 2063 515 2110 nnnc
535 2046 635 2110 media
656 2050 775 2131 premit,
804 2056 837 2112 ut
859 2047 897 2111 ab
920 2047 1027 2111 eodem
1047 2042 1161 2127 θραύω

4 2191 5 2202 1
60 2155 164 2212 natum
190 2155 240 2212 cst
263 2140 445 2226 θρανύσσω,
475 2150 506 2209 el
528 2163 660 2211 accessu
688 2146 822 2228 liquidae
844 2146 882 2210 ab
904 2139 1006 2223 άπάζω
1028 2137 1161 2222 άπαλίζω

4 2209 7 2332 λ
57 2239 260 2324 commisso
279 2240 425 2309 ἐνέτεινεν
443 2240 583 2309 ἐνεδίδου
602 2245 734 2326 Hesych.
757 2245 840 2326 quod
856 2246 967 2326 iniuria
985 2239 1162 2326 attentatur,

4 2347 5 2370 ¹
62 2345 98 2408 ab
126 2339 222 2424 ὀπίζω
245 2337 413 2425 (ὀπίζομαι)
435 2338 600 2426 ἐνοπηλίζω
621 2339 757 2427 ἐμβλέπω
784 2345 856 2409 Hes.
879 2344 918 2409 ab
946 2338 1012 2425 άγω
1033 2335 1164 2425 ἡγέομαι

62 2438 209 2528 ἡμηλάζω.
252 2443 364 2508 Verum
385 2443 422 2508 de
442 2444 589 2508 insitione
611 2444 798 2523 syllabarum
815 2444 853 2507 dc
873 2443 993 2523 integro
1010 2453 1162 2523 exponam

62 2545 110 2607 ubi
131 2543 172 2609 ad
194 2549 363 2607 extremum
384 2559 572 2626 pervener03
599 2559 681 2606 nune
703 2541 740 2608 de
763 2543 939 2608 decretione
961 2540 1063 2604 dicere
1085 2531 1163 2622 pro-

5 2649 6 2702 i
62 2643 197 2721 positum
219 2647 278 2704 cst.
601 2650 609 2658 ·

140 2796 172 2864 s.
195 2789 225 2854 2.
266 2789 398 2853 Primum
418 2789 511 2870 igitur
530 2788 626 2854 rerba
647 2789 891 2854 terminationem
905 2772 986 2850 W
998 2787 1163 2870 accipiunt,

5 2883 6 2886 '
62 2887 98 2952 ab
119 2883 182 2972 άγη
203 2888 254 2952 vel
275 2883 390 2969 ἄγαμαι
410 2880 549 2969 ἀμάλλω,
582 2889 620 2952 ab
642 2883 716 2970 ἄχος
735 2887 785 2951 vel
806 2883 918 2980 άχομμιι
938 2879 1096 2968 doxasse,
1123 2885 1163 2949 ab

62 2985 181 3069 εἶδομαι
199 2986 250 3049 vel
270 2979 351 3060 εἶδος
368 2983 543 3070 είδάλλομαι
557 2995 587 3051 el
604 2984 793 3070 ἰνδάλλομαι,
814 2985 994 3066 astirpibus
1008 3001 1083 3067 patre
1098 2991 1164 3048 ier·

60 3087 184 3172 minatis
206 3081 300 3149 λάλλω
321 3087 388 3150 sive
403 3082 505 3165 ίάίλω,
527 3081 643 3150 πιάλλω
661 3088 681 3151 i.
697 3103 725 3168 q.
738 3083 861 3162 πιαίνω,
882 3085 1069 3166 interposita
1081 3099 1166 3146 ncn-

63 3199 218 3265 nunquam
239 3201 380 3247 consona
403 3203 481 3266 qnae
504 3203 543 3249 ex
564 3184 711 3250 derivatis
738 3185 846 3248 recinit
866 3177 941 3258 ψάω
961 3217 1004 3229 -
1022 3175 1165 3261 ψἀδαρός
1235 3209 1239 3215 ·

64 3278 209 3362 ψαθυρός
228 3282 356 3358 ψωθίον
375 3319 415 3328 -
434 3279 604 3364 ψαθάλλω,
632 3283 715 3366 quod
734 3283 843 3347 Pollux
864 3283 899 3346 ll.
921 3279 988 3348 174.
1012 3269 1177 3354 cumqe?

64 3375 175 3460 λάοοω,
198 3381 314 3446 Moeris
337 3397 404 3448 cum
425 3383 520 3447 attice
543 3385 680 3467 ψηλαφιῑ
702 3383 875 3465 compenii3
902 3374 989 3445 ιινάω
1003 3373 1166 3461 -ιινήδω

66 3481 151 3557 παίζω
172 3478 263 3563 κνίδη
283 3515 325 3527 -
345 3475 515 3561 κναδάλλω,
538 3490 572 3547 ul
594 3475 717 3546 ιισπάω
739 3475 867 3544 cecide
887 3473 997 3555 σπάδιξ
1018 3471 1165 3560 σφαδάξω

27 3594 32 3610 ·
67 3577 84 3641 i.
104 3595 132 3660 q.
154 3572 297 3661 ἀσπαίρων
319 3585 350 3644 el
370 3575 486 3662 σφάζω.
497 3581 525 3622 1⁰
566 3577 718 3657 doridos
737 3577 755 3644 ὁ
774 3576 881 3666 ψόφος
902 3579 1038 3660 Theogn.
1058 3577 1095 3642 ΙΙ.
1116 3575 1166 3644 sl.

71 3749 358 3766 ᾖ..-

131 3859 160 3926 9)
184 3860 241 3914 lloc
265 3864 352 3916 tamen
374 3833 425 3929 quo
449 3861 554 3928 longius
579 3859 702 3915 discessit
725 3873 741 3913 a
765 3837 956 3926 significatione
981 3851 1108 3922 nominis,
1133 3867 1167 3911 eo

71 3943 230 4010 suspectius3
254 3956 342 4010 neque
365 3938 436 4011 αἷμα
458 3941 685 4012 ιλαδασοόμενον
701 3943 876 4011 Empedocles
905 3940 1043 4009 scripsisse
1065 3935 1168 3995 ridetm

73 4020 117 4075 sed
133 4023 372 4093 κλνδαοσόμενιν,
390 4040 441 4094 quo
459 4027 593 4094 Diogenes
612 4026 642 4082 V·
660 4027 702 4084 dd.
722 4029 809 4082 utitur.

137 4123 178 4192 10)
192 4123 382 4198 Ἑστιάραοσεν
405 4122 420 4190 ἡ
447 4123 547 4195 καρδία
564 4143 619 4194 μου
636 4125 733 4184 ierem.
752 4126 794 4182 lv.
814 4123 854 4183 19.
873 4137 920 4192 pro
939 4121 1050 4192 ἔσπαιρε
1068 4135 1093 4175 v.
1112 4117 1169 4177 Co·
