2750 4994
213 269 278 340 roi
555 263 883 334 nissnnrnnlo
916 265 966 331 iv.

215 436 369 518 spioatur5
398 433 563 518 perspioue
585 432 696 498 salsum
714 426 882 514 νινορηνός
902 445 960 511 pro
981 423 1153 511 ναύρινος,
1172 443 1234 492 neo
1255 445 1328 493 ma·
1363 423 1364 468 Ὗ

214 535 277 602 lius
297 525 465 617 μαριληνός
485 551 513 598 v.
534 532 619 597 Bast.
644 529 682 596 ad
705 529 793 610 Greg.
816 528 886 594 557.
916 527 1080 609 Adjeotira
1095 527 1206 591 tertiae
1221 527 1328 591 decli-

215 633 351 700 nationis
378 631 516 713 suggerit
537 629 760 696 Grammaticus
788 627 1070 693 nannetensem.
1094 644 1124 708 p.
1148 626 1240 692 1408.
1263 649 1328 709 γα-

215 727 320 816 ληνής,
344 725 488 814 σαφηνής
509 736 540 792 et
561 729 693 792 antehae
712 728 901 808 incognitum
926 721 1080 809 atomis
1108 724 1286 808 rampone
1308 720 1327 790 ὁ

217 826 375 912 παιδικός,
404 829 515 912 quibus
544 844 638 909 supra
660 828 793 911 apposui
813 821 956 909 ηελανής,
978 819 1089 908 αλανής
1109 842 1135 889 s.
1159 820 1274 908 αληνής
1294 825 1327 890 id
1363 829 1364 836 *

218 927 301 1012 quod
330 924 455 1007 αἰανός,
485 932 519 990 ul
545 921 658 1009 σρανός
683 922 814 1008 τρανής,
844 921 973 1008 σσρηνός
999 919 1131 1007 στρηνής
1157 916 1327 1005 ἆστρηνής.

214 1021 345 1111 Ἀδηνής
366 1044 384 1090 a
406 1031 516 1090 neutro
538 1025 633 1108 δῆνος
654 1027 876 1106 compositum3
898 1017 1036 1107 ἀρρηνής
1057 1040 1166 1087 eanum
1186 1022 1326 1086 hirrian-

220 1127 293 1191 tium
316 1125 474 1206 epitheton
494 1125 796 1205 onomatopoetioum
817 1122 954 1204 videtur3
983 1124 1130 1204 opposita
1149 1115 1274 1204 ἀπηνής
1295 1128 1326 1184 et
1363 1147 1364 1156 ο

219 1218 374 1306 αροςηνής
400 1223 539 1288 nonnulli
568 1241 587 1288 a
614 1222 900 1304 praepositionibus
930 1221 1048 1286 dolona
1081 1227 1190 1302 putant
1218 1227 1256 1284 nt
1288 1220 1326 1283 ab
1363 1241 1364 1246 ¹

220 1317 284 1388 ὑπό
312 1316 417 1406 ὑπήνη
446 1316 498 1385 διὰ
525 1316 561 1385 τὸ
588 1315 737 1386 ὑποκάτω
766 1314 845 1384 εἶναι
871 1314 957 1403 ἢὼς
978 1314 1100 1403 εἰρήνη,
1120 1315 1243 1402 γαλήνη
1265 1319 1327 1382 hoo

222 1427 271 1487 est
298 1438 383 1485 mera
409 1436 565 1502 paragoge
594 1419 845 1503 praepositionis.
901 1420 1013 1484 Verum
1042 1418 1080 1482 de
1112 1418 1160 1480 luis
1188 1418 1327 1480 feminini
1363 1409 1364 1414 ’

222 1521 345 1602 generis
380 1520 584 1584 substantivis
620 1517 779 1582 uisendum
808 1524 857 1583 est
886 1519 1025 1602 emplius.
1072 1517 1168 1581 Unius
1203 1511 1328 1598 συβήνη

224 1617 377 1699 scriptura
397 1634 460 1682 non
489 1623 584 1699 serta,
602 1618 688 1698 origo
710 1619 917 1685 incertissima
944 1624 1010 1697 est3
1038 1609 1183 1697 ἀνθρήνη
1205 1621 1238 1678 et
1266 1635 1328 1677 τεν·
1363 1619 1364 1694 ,

223 1711 328 1800 σρήνη
349 1717 415 1780 sivo
435 1711 615 1800 νενθρηδών
636 1717 717 1781 sieut
735 1716 815 1781 idem
837 1716 1010 1798 significant
1029 1716 1073 1778 ita
1091 1715 1130 1778 ub
1149 1729 1212 1778 una
1228 1716 1328 1796 stirpe
1363 1795 1364 1804 ρ

223 1811 308 1900 opta
330 1832 457 1880 susurro
481 1822 551 1879 orta
572 1815 745 1880 videntur.l
781 1815 921 1880 Nominis
942 1809 1048 1897 εἰρήνη
1060 1813 1261 1878 fundamenta
1279 1814 1328 1877 la·
1363 1809 1364 1892 l

226 1922 291 1982 tent
310 1916 343 1979 in
362 1915 566 1995 Hesychiunis
583 1903 681 1995 Ἦραν
702 1909 838 1997 εἰρήνην,
857 1907 1030 1994 ’nestoriana
1049 1915 1267 1994 συναλλαγαῖς,
1290 1911 1328 1976 ab

225 2015 297 2097 ελρον
319 2020 353 2078 ut
376 2014 526 2094 arbitror3
548 2013 587 2077 ab
608 2010 692 2095 ἕρνια
713 2009 838 2097 ἑρνήνη.
877 2007 1004 2095 Γαλήνη
1017 2028 1081 2076 non
1093 2013 1133 2076 ab
1145 2015 1217 2093 ipsn
1230 2013 1327 2091 stirpe

226 2114 284 2180 sed
305 2113 344 2177 ab
366 2111 519 2193 adjectivo
541 2118 645 2176 natum
668 2129 740 2177 essa
762 2113 822 2176 alio
851 2113 923 2176 looo
952 2111 1164 2176 demonstrare
1195 2116 1327 2173 eonatus
1363 2105 1364 2154 ἶ

227 2229 305 2278 sum.
348 2206 478 2293 Κηνήνη
498 2213 608 2274 πλοῖον
627 2206 704 2293 μέγα
723 2204 765 2286 ὡς
785 2213 878 2294 κῆτος
898 2211 1032 2291 Hesyoh.
1054 2228 1072 2274 a
1093 2205 1182 2283 σέλας
1203 2205 1325 2292 σελήνη,

226 2307 344 2393 γάστραν
362 2305 528 2394 γαστρήνη,
550 2304 641 2392 κέβλη
661 2305 793 2394 αεβλήνη
814 2304 834 2393 ἡ
851 2304 995 2393 ὀρίγανος
1014 2310 1087 2375 Hos.
1108 2310 1169 2373 hoo
1187 2314 1238 2373 est
1253 2325 1328 2390 spe·
1363 2319 1364 2388 l

228 2411 293 2474 oies
308 2409 427 2489 origani
441 2410 576 2490 capitata
587 2426 614 2473 r.
632 2409 761 2474 Salmas.
782 2409 911 2474 Exeroo.
926 2409 994 2475 914.
1008 2411 1039 2474 F.
1055 2404 1174 2491 σαρήνη
1193 2401 1281 2486 παρὰ
1293 2399 1327 2468 τὸ

228 2503 328 2572 seara
349 2499 388 2580 ὡς
408 2501 517 2588 λάμπον
536 2502 679 2590 λαμαήνη
700 2508 766 2572 ΕΜ.
786 2507 843 2572 sod
863 2509 924 2573 hoe
944 2511 1048 2590 potius
1064 2524 1131 2572 oum
1145 2499 1251 2588 ἀπήνη
1272 2522 1327 2569 eo·

227 2607 357 2671 haerere
377 2603 506 2688 videtur,
528 2609 616 2686 cujus
635 2623 807 2687 synonyma
826 2615 897 2672 sunt
919 2609 1049 2690 plurima
1069 2603 1155 2690 πήνα
1170 2604 1246 2669 Hes.
1260 2603 1327 2684 gal·

228 2704 380 2786 linumque
402 2703 512 2787 benna,
536 2699 642 2785 Γάνος
662 2702 761 2789 ὄχημα
784 2704 942 2790 Τυρρηνοί
961 2707 1033 2771 lies.
1061 2699 1185 2786 κανάνη
1215 2700 1326 2782 (media
1363 2697 1364 2780 i

230 2802 337 2885 leuga)
365 2796 484 2886 ἀμάνη,
508 2798 627 2886 ἅμαξα,
647 2801 776 2889 ἄραννα,
797 2823 856 2870 neo
877 2805 951 2870 seiri
971 2811 1077 2886 potest
1097 2821 1199 2868 unane
1219 2803 1325 2866 horum

231 2905 363 2968 omnium
395 2904 490 2986 stirps
519 2904 611 2967 fuerit
638 2921 678 2968 an
706 2906 812 2986 speeie
840 2905 948 2994 similis
976 2921 1010 2967 re
1031 2903 1162 2968 divorsa.
1206 2901 1325 2966 Certum
1363 2941 1364 2970 ;

230 3019 305 3066 roro
332 3002 479 3066 habemus
511 3017 655 3066 surenam
676 3003 793 3082 piscem
816 3020 948 3067 usurae
969 3002 1164 3066 similitudino
1186 2999 1324 3065 denomi-

231 3107 334 3166 natum
362 3117 433 3165 esse
461 3101 545 3165 Varr.
566 3101 599 3165 L.
620 3101 653 3166 L.
675 3102 709 3166 V.
730 3101 780 3167 23.
810 3102 1000 3183 plurimaque
1032 3102 1122 3181 hujus
1152 3113 1325 3181 paragogen
1363 3153 1364 3188 ¹

231 3199 371 3281 exempla
391 3201 543 3264 eernimus
565 3201 598 3264 in
617 3198 778 3264 vocabulis
799 3199 938 3264 locorum
960 3195 1051 3282 λύρη
1073 3195 1206 3282 Κυρήνη
1220 3205 1254 3263 ot
1269 3197 1324 3260 alia

230 3300 262 3363 in
284 3298 395 3363 Perall.
419 3298 487 3364 116.
510 3299 637 3364 allata⁵
678 3299 850 3379 Trisyllaba
879 3299 980 3362 omnia
1001 3304 1132 3380 excepto
1164 3315 1226 3362 uno
1255 3312 1325 3377 grn-
1363 3293 1364 3372 i

231 3397 297 3460 rari
319 3394 431 3461 docent
450 3396 602 3461 Manlius
625 3415 654 3479 p.
678 3397 745 3464 111.
767 3404 798 3462 et
820 3398 955 3477 Theogn.
978 3395 1046 3480 113,
1069 3397 1116 3463 18.
1135 3390 1257 3480 Ἀρήνη,
1274 3388 1323 3458 ’Ie-
1363 3389 1364 3472 η

298 3607 327 3674 4)
350 3606 447 3661 Horum
464 3609 649 3664 vocabulorum
667 3609 741 3664 alteri
759 3607 836 3662 modo
853 3608 893 3676 ῥῶ
910 3610 986 3664 deest
999 3605 1163 3672 Ἀνθηδόνος
1185 3607 1214 3672 αἱ
1238 3605 1321 3675 μέλαν·

231 3708 278 3744 σαι
295 3689 352 3745 ΕΜ.
371 3689 448 3746 modo
464 3691 507 3752 αὖ,
522 3692 638 3764 Ἀθρήνη
657 3691 730 3750 εἶδος
745 3693 873 3760 μελίσσης
892 3692 966 3747 Suid.
986 3698 1014 3747 ut
1028 3690 1127 3756 Ἀθήνη
1147 3705 1194 3760 pro
1212 3685 1321 3750 ’Artior
1363 3745 1364 3748 ,

230 3777 258 3828 in
281 3773 358 3830 codd.
376 3772 491 3842 Thucyd.
515 3776 545 3830 tt.
566 3777 608 3832 41.
634 3780 753 3832 neutrum
776 3780 849 3832 recte
875 3779 898 3831 si
923 3791 999 3832 usum
1023 3776 1157 3844 sequimur
1182 3778 1321 3832 auctorem
1363 3757 1364 3838 ή

231 3857 254 3912 si
275 3856 465 3925 etymologiam,
483 3857 517 3908 νῦ
534 3861 658 3914 insertum
671 3858 775 3914 ridetur
787 3859 959 3929 complendae
973 3859 1089 3928 syllabae
1102 3871 1183 3911 eausa
1195 3860 1224 3910 ut
1237 3865 1321 3920 saepe.
1363 3855 1364 3860 ’

297 3939 327 4008 5)
349 3938 378 3993 si
397 3940 520 3996 Arrianus
541 3940 629 4011 Getas,
647 3948 675 3997 ut
691 3942 839 4010 Stephanus
858 3945 903 4010 ait,
920 3941 1052 4007 Γετηνοία
1068 3943 1181 4008 roeavit,
1198 3941 1221 3994 is
1243 3947 1321 3992 merus
1363 3923 1364 3988 ἔ

229 4023 491 4091 parasoienatismns
514 4029 555 4080 est
573 4030 602 4080 ul
618 4025 740 4098 Τρόκμοι
766 4055 797 4066 --
821 4025 966 4079 ἐκαλοῦντο
992 4027 1039 4078 καὶ
1061 4026 1218 4096 Τροκμηνοί
1237 4017 1320 4090 stepl·
1363 4061 1364 4066 =

208 4140 211 4148 ,
228 4103 349 4172 Σκλοήσοι
364 4111 392 4162 el
408 4106 563 4176 Σκλαρηνοί
579 4110 647 4178 apud
664 4108 813 4178 Byzantios.
1363 4107 1364 4120 ¹
