<?xml version="1.0" encoding="UTF-8"?>
<!DOCTYPE html PUBLIC "-//W3C//DTD XHTML 1.0 Transitional//EN"
    "http://www.w3.org/TR/xhtml1/DTD/xhtml1-transitional.dtd">
<html xmlns="http://www.w3.org/1999/xhtml" xml:lang="en" lang="en">
 <head>
  <title>
</title>
<meta http-equiv="Content-Type" content="text/html;charset=utf-8" />
  <meta name='ocr-system' content='tesseract 3.04.00' />
  <meta name='ocr-capabilities' content='ocr_page ocr_carea ocr_par ocr_line ocrx_word'/>
</head>
<body>
  <div class='ocr_page' id='page_1' title='image "./pathologiaeserm01lobegoog_0372.png"; bbox 0 0 2772 4992; ppageno 0'>
   <div class='ocr_carea' id='block_1_1' title="bbox 39 216 1183 299">
    <p class='ocr_par' dir='ltr' id='par_1_1' title="bbox 39 216 1183 299">
     <span class='ocr_line' id='line_1_1' title="bbox 39 216 1183 299; baseline 0.007 -15"><span class='ocrx_word' id='word_1_1' title='bbox 39 219 120 284; x_wconf 91' lang='lat' dir='ltr'>DE</span> <span class='ocrx_word' id='word_1_2' title='bbox 154 218 270 286; x_wconf 84' lang='lat' dir='ltr'>Non.</span> <span class='ocrx_word' id='word_1_3' title='bbox 291 216 456 293; x_wconf 83' lang='lat' dir='ltr'><strong>QUORUM</strong></span> <span class='ocrx_word' id='word_1_4' title='bbox 469 218 582 285; x_wconf 81' lang='lat' dir='ltr'>amn.</span> <span class='ocrx_word' id='word_1_5' title='bbox 604 217 681 284; x_wconf 83' lang='lat' dir='ltr'>EST</span> <span class='ocrx_word' id='word_1_6' title='bbox 700 217 906 285; x_wconf 81' lang='lat' dir='ltr'><strong>DENTALIS.</strong></span> <span class='ocrx_word' id='word_1_7' title='bbox 929 221 996 288; x_wconf 73' lang='lat' dir='ltr'>bl</span> <span class='ocrx_word' id='word_1_8' title='bbox 1019 230 1047 299; x_wconf 72' lang='grc' dir='ltr'>ς.</span> <span class='ocrx_word' id='word_1_9' title='bbox 1061 223 1090 289; x_wconf 84' lang='grc'>2.</span> <span class='ocrx_word' id='word_1_10' title='bbox 1113 225 1183 292; x_wconf 77' lang='grc'>3117</span> 
     </span>
    </p>
   </div>
   <div class='ocr_carea' id='block_1_2' title="bbox 15 379 1186 2342">
    <p class='ocr_par' dir='ltr' id='par_1_2' title="bbox 15 379 1186 2342">
     <span class='ocr_line' id='line_1_2' title="bbox 15 379 1186 466; baseline 0.002 -16"><span class='ocrx_word' id='word_1_11' title='bbox 15 386 123 450; x_wconf 85' lang='lat' dir='ltr'>nihil</span> <span class='ocrx_word' id='word_1_12' title='bbox 157 384 259 450; x_wconf 87' lang='lat' dir='ltr'>aliud</span> <span class='ocrx_word' id='word_1_13' title='bbox 280 400 372 465; x_wconf 90' lang='lat' dir='ltr'>quarn</span> <span class='ocrx_word' id='word_1_14' title='bbox 399 401 457 464; x_wconf 91' lang='lat' dir='ltr'>pro</span> <span class='ocrx_word' id='word_1_15' title='bbox 486 401 565 449; x_wconf 87' lang='lat' dir='ltr'>voee</span> <span class='ocrx_word' id='word_1_16' title='bbox 592 390 750 464; x_wconf 88' lang='lat' dir='ltr'>postrema</span> <span class='ocrx_word' id='word_1_17' title='bbox 780 386 927 463; x_wconf 85' lang='lat' dir='ltr'><strong>proponit</strong></span> <span class='ocrx_word' id='word_1_18' title='bbox 952 379 1186 466; x_wconf 72' lang='grc' dir='ltr'><strong><em>ὑπονιτριδίνν,</em></strong></span> 
     </span>
     <span class='ocr_line' id='line_1_3' title="bbox 15 476 1186 570; baseline 0.003 -22"><span class='ocrx_word' id='word_1_19' title='bbox 15 486 135 566; x_wconf 84' lang='lat' dir='ltr'>quod</span> <span class='ocrx_word' id='word_1_20' title='bbox 169 503 252 549; x_wconf 82' lang='lat' dir='ltr'>cum</span> <span class='ocrx_word' id='word_1_21' title='bbox 275 482 420 562; x_wconf 86' lang='lat' dir='ltr'>adjuncto</span> <span class='ocrx_word' id='word_1_22' title='bbox 443 483 566 547; x_wconf 90' lang='lat' dir='ltr'>nomine</span> <span class='ocrx_word' id='word_1_23' title='bbox 588 476 718 564; x_wconf 79' lang='grc' dir='ltr'><strong><em>ὀνείρων</em></strong></span> <span class='ocrx_word' id='word_1_24' title='bbox 744 483 917 547; x_wconf 78' lang='lat' dir='ltr'><strong>consistere</strong></span> <span class='ocrx_word' id='word_1_25' title='bbox 939 487 1059 570; x_wconf 85' lang='lat' dir='ltr'>nequit,</span> <span class='ocrx_word' id='word_1_26' title='bbox 1091 487 1186 552; x_wconf 89' lang='lat' dir='ltr'>Sido-</span> 
     </span>
     <span class='ocr_line' id='line_1_4' title="bbox 15 581 1182 668; baseline 0.004 -22"><span class='ocrx_word' id='word_1_27' title='bbox 15 587 222 664; x_wconf 85' lang='lat' dir='ltr'>niumque</span> <span class='ocrx_word' id='word_1_28' title='bbox 241 583 324 646; x_wconf 91' lang='lat' dir='ltr'>illum</span> <span class='ocrx_word' id='word_1_29' title='bbox 347 590 543 664; x_wconf 85' lang='lat' dir='ltr'>putaturum</span> <span class='ocrx_word' id='word_1_30' title='bbox 566 583 661 646; x_wconf 90' lang='lat' dir='ltr'>luisse</span> <span class='ocrx_word' id='word_1_31' title='bbox 683 589 819 646; x_wconf 87' lang='lat' dir='ltr'>veterum</span> <span class='ocrx_word' id='word_1_32' title='bbox 838 581 1030 668; x_wconf 78' lang='lat' dir='ltr'>scriptorum,</span> <span class='ocrx_word' id='word_1_33' title='bbox 1054 603 1182 667; x_wconf 90' lang='lat' dir='ltr'>eumque</span> 
     </span>
     <span class='ocr_line' id='line_1_5' title="bbox 15 680 1180 764; baseline 0.003 -20"><span class='ocrx_word' id='word_1_34' title='bbox 15 685 205 764; x_wconf 88' lang='lat' dir='ltr'>primum</span> <span class='ocrx_word' id='word_1_35' title='bbox 228 682 414 762; x_wconf 77' lang='lat' dir='ltr'>ltoespeeie</span> <span class='ocrx_word' id='word_1_36' title='bbox 441 697 530 744; x_wconf 92' lang='lat' dir='ltr'>usum</span> <span class='ocrx_word' id='word_1_37' title='bbox 552 698 641 760; x_wconf 85' lang='lat' dir='ltr'>esse;</span> <span class='ocrx_word' id='word_1_38' title='bbox 675 681 722 744; x_wconf 89' lang='lat' dir='ltr'>sie</span> <span class='ocrx_word' id='word_1_39' title='bbox 744 681 822 742; x_wconf 92' lang='lat' dir='ltr'>enim</span> <span class='ocrx_word' id='word_1_40' title='bbox 844 681 875 742; x_wconf 93' lang='lat' dir='ltr'>in</span> <span class='ocrx_word' id='word_1_41' title='bbox 896 680 958 745; x_wconf 89' lang='lat' dir='ltr'>lnd.</span> <span class='ocrx_word' id='word_1_42' title='bbox 979 698 1091 746; x_wconf 91' lang='lat' dir='ltr'>nomen</span> <span class='ocrx_word' id='word_1_43' title='bbox 1112 680 1180 747; x_wconf 74' lang='grc' dir='ltr'><strong><em>ἐπι-</em></strong></span> 
     </span>
     <span class='ocr_line' id='line_1_6' title="bbox 18 776 1181 862; baseline 0.003 -19"><span class='ocrx_word' id='word_1_44' title='bbox 18 776 125 862; x_wconf 70' lang='grc' dir='ltr'>βολὴ</span> <span class='ocrx_word' id='word_1_45' title='bbox 157 781 403 860; x_wconf 76' lang='lat' dir='ltr'>interpretatur.</span> <span class='ocrx_word' id='word_1_46' title='bbox 453 779 515 844; x_wconf 89' lang='lat' dir='ltr'>Sed</span> <span class='ocrx_word' id='word_1_47' title='bbox 542 780 634 860; x_wconf 86' lang='lat' dir='ltr'>bajus</span> <span class='ocrx_word' id='word_1_48' title='bbox 663 777 895 859; x_wconf 81' lang='lat' dir='ltr'>significationis</span> <span class='ocrx_word' id='word_1_49' title='bbox 921 782 1090 844; x_wconf 86' lang='lat' dir='ltr'>auotoritas</span> <span class='ocrx_word' id='word_1_50' title='bbox 1112 801 1181 846; x_wconf 91' lang='lat' dir='ltr'>me-</span> 
     </span>
     <span class='ocr_line' id='line_1_7' title="bbox 16 877 1180 963; baseline 0.003 -20"><span class='ocrx_word' id='word_1_51' title='bbox 16 881 201 943; x_wconf 85' lang='lat' dir='ltr'>moriam</span> <span class='ocrx_word' id='word_1_52' title='bbox 226 895 322 942; x_wconf 86' lang='lat' dir='ltr'>meam</span> <span class='ocrx_word' id='word_1_53' title='bbox 344 881 429 962; x_wconf 79' lang='lat' dir='ltr'>fugit,</span> <span class='ocrx_word' id='word_1_54' title='bbox 450 895 551 960; x_wconf 89' lang='lat' dir='ltr'>neque</span> <span class='ocrx_word' id='word_1_55' title='bbox 573 879 632 943; x_wconf 85' lang='lat' dir='ltr'>diei</span> <span class='ocrx_word' id='word_1_56' title='bbox 654 883 778 960; x_wconf 87' lang='lat' dir='ltr'>poterat</span> <span class='ocrx_word' id='word_1_57' title='bbox 793 877 984 961; x_wconf 82' lang='lat' dir='ltr'>Dionysium,</span> <span class='ocrx_word' id='word_1_58' title='bbox 1006 881 1180 963; x_wconf 80' lang='lat' dir='ltr'>quicunque</span> 
     </span>
     <span class='ocr_line' id='line_1_8' title="bbox 22 976 1180 1060; baseline 0.003 -20"><span class='ocrx_word' id='word_1_59' title='bbox 22 980 57 1040; x_wconf 92' lang='lat' dir='ltr'>is</span> <span class='ocrx_word' id='word_1_60' title='bbox 89 978 191 1059; x_wconf 84' lang='lat' dir='ltr'>fuit,</span> <span class='ocrx_word' id='word_1_61' title='bbox 225 977 353 1058; x_wconf 90' lang='lat' dir='ltr'>primum</span> <span class='ocrx_word' id='word_1_62' title='bbox 381 978 471 1057; x_wconf 85' lang='lat' dir='ltr'>hujus</span> <span class='ocrx_word' id='word_1_63' title='bbox 492 976 542 1041; x_wconf 91' lang='lat' dir='ltr'>vel</span> <span class='ocrx_word' id='word_1_64' title='bbox 564 977 627 1060; x_wconf 74' lang='lat' dir='ltr'>typi</span> <span class='ocrx_word' id='word_1_65' title='bbox 649 977 698 1040; x_wconf 90' lang='lat' dir='ltr'>vel</span> <span class='ocrx_word' id='word_1_66' title='bbox 719 991 895 1060; x_wconf 82' lang='lat' dir='ltr'>paragogae</span> <span class='ocrx_word' id='word_1_67' title='bbox 919 978 1088 1060; x_wconf 84' lang='lat' dir='ltr'>exemplum</span> <span class='ocrx_word' id='word_1_68' title='bbox 1110 979 1180 1043; x_wconf 86' lang='lat' dir='ltr'>edi-</span> 
     </span>
     <span class='ocr_line' id='line_1_9' title="bbox 22 1074 1178 1158; baseline 0.003 -20"><span class='ocrx_word' id='word_1_69' title='bbox 22 1077 161 1158; x_wconf 81' lang='lat' dir='ltr'>disse,</span> <span class='ocrx_word' id='word_1_70' title='bbox 211 1091 281 1138; x_wconf 88' lang='lat' dir='ltr'>nam</span> <span class='ocrx_word' id='word_1_71' title='bbox 308 1076 465 1156; x_wconf 79' lang='grc' dir='ltr'><strong><em>κονρίδιος</em></strong></span> <span class='ocrx_word' id='word_1_72' title='bbox 492 1083 524 1140; x_wconf 88' lang='lat' dir='ltr'>at</span> <span class='ocrx_word' id='word_1_73' title='bbox 548 1075 710 1156; x_wconf 76' lang='grc' dir='ltr'><strong><em>πανρίὸιος</em></strong></span> <span class='ocrx_word' id='word_1_74' title='bbox 736 1074 816 1157; x_wconf 87' lang='lat' dir='ltr'>apud</span> <span class='ocrx_word' id='word_1_75' title='bbox 837 1075 1000 1140; x_wconf 91' lang='lat' dir='ltr'>Homerum</span> <span class='ocrx_word' id='word_1_76' title='bbox 1027 1076 1178 1157; x_wconf 79' lang='lat' dir='ltr'>leguntur.</span> 
     </span>
     <span class='ocr_line' id='line_1_10' title="bbox 24 1174 1175 1256; baseline 0.003 -18"><span class='ocrx_word' id='word_1_77' title='bbox 24 1176 143 1238; x_wconf 86' lang='lat' dir='ltr'>Nune</span> <span class='ocrx_word' id='word_1_78' title='bbox 172 1174 254 1236; x_wconf 89' lang='lat' dir='ltr'>mihi</span> <span class='ocrx_word' id='word_1_79' title='bbox 276 1175 348 1254; x_wconf 87' lang='lat' dir='ltr'>quid</span> <span class='ocrx_word' id='word_1_80' title='bbox 363 1175 503 1239; x_wconf 84' lang='lat' dir='ltr'>videatur</span> <span class='ocrx_word' id='word_1_81' title='bbox 524 1190 710 1256; x_wconf 82' lang='lat' dir='ltr'>expromam,</span> <span class='ocrx_word' id='word_1_82' title='bbox 732 1189 876 1253; x_wconf 87' lang='lat' dir='ltr'>nonque</span> <span class='ocrx_word' id='word_1_83' title='bbox 900 1191 1021 1255; x_wconf 89' lang='lat' dir='ltr'>sperem</span> <span class='ocrx_word' id='word_1_84' title='bbox 1042 1193 1090 1240; x_wconf 89' lang='lat' dir='ltr'>me</span> <span class='ocrx_word' id='word_1_85' title='bbox 1112 1193 1175 1242; x_wconf 90' lang='lat' dir='ltr'>rem</span> 
     </span>
     <span class='ocr_line' id='line_1_11' title="bbox 24 1271 1176 1351; baseline 0.002 -16"><span class='ocrx_word' id='word_1_86' title='bbox 24 1275 65 1336; x_wconf 91' lang='lat' dir='ltr'>in</span> <span class='ocrx_word' id='word_1_87' title='bbox 102 1274 217 1336; x_wconf 85' lang='lat' dir='ltr'>clara</span> <span class='ocrx_word' id='word_1_88' title='bbox 242 1273 311 1336; x_wconf 88' lang='lat' dir='ltr'>luee</span> <span class='ocrx_word' id='word_1_89' title='bbox 339 1274 561 1338; x_wconf 81' lang='lat' dir='ltr'>collocaturum</span> <span class='ocrx_word' id='word_1_90' title='bbox 583 1291 655 1338; x_wconf 89' lang='lat' dir='ltr'>esse</span> <span class='ocrx_word' id='word_1_91' title='bbox 677 1271 733 1336; x_wconf 89' lang='lat' dir='ltr'>sed</span> <span class='ocrx_word' id='word_1_92' title='bbox 759 1273 857 1351; x_wconf 82' lang='lat' dir='ltr'>magis</span> <span class='ocrx_word' id='word_1_93' title='bbox 886 1280 919 1336; x_wconf 92' lang='lat' dir='ltr'>ut</span> <span class='ocrx_word' id='word_1_94' title='bbox 940 1274 1019 1337; x_wconf 88' lang='lat' dir='ltr'>alios</span> <span class='ocrx_word' id='word_1_95' title='bbox 1043 1273 1081 1337; x_wconf 80' lang='lat' dir='ltr'>ari</span> <span class='ocrx_word' id='word_1_96' title='bbox 1102 1291 1176 1338; x_wconf 90' lang='lat' dir='ltr'>eer-</span> 
     </span>
     <span class='ocr_line' id='line_1_12' title="bbox 32 1371 1174 1454; baseline 0.001 -18"><span class='ocrx_word' id='word_1_97' title='bbox 32 1380 163 1436; x_wconf 89' lang='lat' dir='ltr'>tamen</span> <span class='ocrx_word' id='word_1_98' title='bbox 192 1372 323 1437; x_wconf 77' lang='lat' dir='ltr'>eliciam.</span> <span class='ocrx_word' id='word_1_99' title='bbox 366 1374 526 1438; x_wconf 86' lang='lat' dir='ltr'>Sententia</span> <span class='ocrx_word' id='word_1_100' title='bbox 545 1374 636 1454; x_wconf 79' lang='lat' dir='ltr'>igitur</span> <span class='ocrx_word' id='word_1_101' title='bbox 658 1373 704 1436; x_wconf 90' lang='lat' dir='ltr'>sie</span> <span class='ocrx_word' id='word_1_102' title='bbox 727 1377 789 1435; x_wconf 88' lang='lat' dir='ltr'>est:</span> <span class='ocrx_word' id='word_1_103' title='bbox 811 1371 992 1450; x_wconf 73' lang='lat' dir='ltr'>Dionysium</span> <span class='ocrx_word' id='word_1_104' title='bbox 1013 1407 1053 1418; x_wconf 93' lang='lat'>-</span> <span class='ocrx_word' id='word_1_105' title='bbox 1076 1374 1174 1453; x_wconf 71' lang='lat' dir='ltr'>syra-</span> 
     </span>
     <span class='ocr_line' id='line_1_13' title="bbox 31 1470 1173 1552; baseline 0.003 -19"><span class='ocrx_word' id='word_1_106' title='bbox 31 1487 220 1534; x_wconf 83' lang='lat' dir='ltr'>cusanum</span> <span class='ocrx_word' id='word_1_107' title='bbox 245 1472 379 1534; x_wconf 82' lang='lat' dir='ltr'>fortasse</span> <span class='ocrx_word' id='word_1_108' title='bbox 403 1473 454 1552; x_wconf 92' lang='lat' dir='ltr'>qui</span> <span class='ocrx_word' id='word_1_109' title='bbox 475 1472 569 1535; x_wconf 90' lang='lat' dir='ltr'>multa</span> <span class='ocrx_word' id='word_1_110' title='bbox 590 1473 620 1534; x_wconf 91' lang='lat' dir='ltr'>in</span> <span class='ocrx_word' id='word_1_111' title='bbox 642 1470 806 1534; x_wconf 82' lang='lat' dir='ltr'>uerborum</span> <span class='ocrx_word' id='word_1_112' title='bbox 828 1488 886 1533; x_wconf 91' lang='lat' dir='ltr'>usu</span> <span class='ocrx_word' id='word_1_113' title='bbox 907 1472 1033 1534; x_wconf 86' lang='lat' dir='ltr'>novavit</span> <span class='ocrx_word' id='word_1_114' title='bbox 1054 1472 1173 1536; x_wconf 90' lang='lat' dir='ltr'>—bae</span> 
     </span>
     <span class='ocr_line' id='line_1_14' title="bbox 35 1569 1172 1653; baseline 0.002 -21"><span class='ocrx_word' id='word_1_115' title='bbox 35 1570 245 1649; x_wconf 80' lang='lat' dir='ltr'>adjectione</span> <span class='ocrx_word' id='word_1_116' title='bbox 265 1586 353 1632; x_wconf 91' lang='lat' dir='ltr'>usum</span> <span class='ocrx_word' id='word_1_117' title='bbox 376 1587 447 1634; x_wconf 92' lang='lat' dir='ltr'>esse</span> <span class='ocrx_word' id='word_1_118' title='bbox 469 1571 607 1653; x_wconf 89' lang='lat' dir='ltr'>primum,</span> <span class='ocrx_word' id='word_1_119' title='bbox 629 1573 757 1650; x_wconf 87' lang='lat' dir='ltr'>ejusque</span> <span class='ocrx_word' id='word_1_120' title='bbox 780 1569 964 1632; x_wconf 82' lang='lat' dir='ltr'>auctoritate</span> <span class='ocrx_word' id='word_1_121' title='bbox 986 1571 1039 1632; x_wconf 87' lang='lat' dir='ltr'>niti</span> <span class='ocrx_word' id='word_1_122' title='bbox 1062 1569 1172 1634; x_wconf 87' lang='lat' dir='ltr'>Gram-</span> 
     </span>
     <span class='ocr_line' id='line_1_15' title="bbox 34 1667 1169 1750; baseline 0.001 -20"><span class='ocrx_word' id='word_1_123' title='bbox 34 1669 217 1750; x_wconf 79' lang='lat' dir='ltr'>maticoS,</span> <span class='ocrx_word' id='word_1_124' title='bbox 252 1675 282 1731; x_wconf 91' lang='lat' dir='ltr'>et</span> <span class='ocrx_word' id='word_1_125' title='bbox 310 1676 454 1750; x_wconf 86' lang='lat' dir='ltr'>tanquam</span> <span class='ocrx_word' id='word_1_126' title='bbox 474 1670 585 1733; x_wconf 85' lang='lat' dir='ltr'>similia</span> <span class='ocrx_word' id='word_1_127' title='bbox 613 1683 769 1749; x_wconf 90' lang='lat' dir='ltr'>apponere</span> <span class='ocrx_word' id='word_1_128' title='bbox 794 1667 970 1747; x_wconf 81' lang='grc' dir='ltr'><strong><em>νιννρίδιος,</em></strong></span> <span class='ocrx_word' id='word_1_129' title='bbox 1004 1667 1169 1748; x_wconf 81' lang='grc' dir='ltr'><strong><em>ινμβίδιος,</em></strong></span> 
     </span>
     <span class='ocr_line' id='line_1_16' title="bbox 38 1765 1170 1848; baseline 0.001 -20"><span class='ocrx_word' id='word_1_130' title='bbox 38 1766 226 1848; x_wconf 86' lang='grc' dir='ltr'><strong><em>μοιχίδιος,</em></strong></span> <span class='ocrx_word' id='word_1_131' title='bbox 237 1765 264 1806; x_wconf 80' lang='lat'>¹⁴</span> <span class='ocrx_word' id='word_1_132' title='bbox 284 1767 315 1830; x_wconf 90' lang='lat' dir='ltr'>id</span> <span class='ocrx_word' id='word_1_133' title='bbox 336 1774 437 1831; x_wconf 87' lang='lat' dir='ltr'>autem</span> <span class='ocrx_word' id='word_1_134' title='bbox 458 1769 599 1832; x_wconf 74' lang='lat' dir='ltr'>refellere</span> <span class='ocrx_word' id='word_1_135' title='bbox 611 1765 816 1831; x_wconf 86' lang='lat' dir='ltr'>Herodianum</span> <span class='ocrx_word' id='word_1_136' title='bbox 830 1765 1004 1844; x_wconf 84' lang='lat' dir='ltr'>hujusmodi</span> <span class='ocrx_word' id='word_1_137' title='bbox 1018 1767 1081 1830; x_wconf 86' lang='lat' dir='ltr'>lere</span> <span class='ocrx_word' id='word_1_138' title='bbox 1096 1784 1170 1830; x_wconf 83' lang='lat' dir='ltr'>ver-</span> 
     </span>
     <span class='ocr_line' id='line_1_17' title="bbox 38 1857 1167 1948; baseline 0.001 -21"><span class='ocrx_word' id='word_1_139' title='bbox 38 1865 95 1928; x_wconf 90' lang='lat' dir='ltr'>bis</span> <span class='ocrx_word' id='word_1_140' title='bbox 120 1857 181 1940; x_wconf 81' lang='grc' dir='ltr'>οἷς</span> <span class='ocrx_word' id='word_1_141' title='bbox 205 1860 263 1947; x_wconf 82' lang='grc' dir='ltr'>γὰρ</span> <span class='ocrx_word' id='word_1_142' title='bbox 283 1867 417 1946; x_wconf 77' lang='grc' dir='ltr'><strong><em>χρῶνται</em></strong></span> <span class='ocrx_word' id='word_1_143' title='bbox 435 1863 638 1948; x_wconf 81' lang='grc' dir='ltr'><strong><em>γραμματικοὶ</em></strong></span> <span class='ocrx_word' id='word_1_144' title='bbox 659 1861 702 1937; x_wconf 82' lang='grc' dir='ltr'>ὦς</span> <span class='ocrx_word' id='word_1_145' title='bbox 723 1858 848 1944; x_wconf 82' lang='grc' dir='ltr'><strong><em>ὁμοίοις,</em></strong></span> <span class='ocrx_word' id='word_1_146' title='bbox 870 1862 1027 1943; x_wconf 82' lang='grc' dir='ltr'><strong><em>τομβίόιος</em></strong></span> <span class='ocrx_word' id='word_1_147' title='bbox 1045 1886 1072 1926; x_wconf 83' lang='grc' dir='ltr'>ιι.</span> <span class='ocrx_word' id='word_1_148' title='bbox 1095 1887 1120 1926; x_wconf 86' lang='grc' dir='ltr'>τ.</span> <span class='ocrx_word' id='word_1_149' title='bbox 1142 1868 1167 1928; x_wconf 80' lang='grc' dir='ltr'>λ.</span> 
     </span>
     <span class='ocr_line' id='line_1_18' title="bbox 43 1951 1168 2048; baseline 0.001 -23"><span class='ocrx_word' id='word_1_150' title='bbox 43 1959 204 2046; x_wconf 80' lang='grc' dir='ltr'><em>διαφέρει</em></span> <span class='ocrx_word' id='word_1_151' title='bbox 225 1957 287 2028; x_wconf 80' lang='grc' dir='ltr'>ἀπὸ</span> <span class='ocrx_word' id='word_1_152' title='bbox 307 1967 426 2046; x_wconf 79' lang='grc' dir='ltr'><strong><em>μακρᾶς</em></strong></span> <span class='ocrx_word' id='word_1_153' title='bbox 446 1959 607 2048; x_wconf 81' lang='grc' dir='ltr'><strong><em>ἀρχόμενα.</em></strong></span> <span class='ocrx_word' id='word_1_154' title='bbox 638 1956 749 2044; x_wconf 77' lang='grc' dir='ltr'><strong><em>Ἐχρῆν</em></strong></span> <span class='ocrx_word' id='word_1_155' title='bbox 770 1951 830 2024; x_wconf 84' lang='grc' dir='ltr'>οὖν</span> <span class='ocrx_word' id='word_1_156' title='bbox 849 1955 1031 2042; x_wconf 81' lang='grc' dir='ltr'><strong>ὑποπτέρων</strong></span> <span class='ocrx_word' id='word_1_157' title='bbox 1050 1958 1071 2044; x_wconf 81' lang='grc' dir='ltr'><strong><em>ἢ</em></strong></span> <span class='ocrx_word' id='word_1_158' title='bbox 1091 1957 1168 2026; x_wconf 81' lang='grc' dir='ltr'><strong><em>ὑπο-</em></strong></span> 
     </span>
     <span class='ocr_line' id='line_1_19' title="bbox 41 2059 1167 2146; baseline 0.001 -22"><span class='ocrx_word' id='word_1_159' title='bbox 41 2059 236 2145; x_wconf 79' lang='grc' dir='ltr'><strong><em>πτερύγων.</em></strong></span> <span class='ocrx_word' id='word_1_160' title='bbox 282 2064 403 2128; x_wconf 89' lang='lat' dir='ltr'>Etenim</span> <span class='ocrx_word' id='word_1_161' title='bbox 424 2082 502 2146; x_wconf 90' lang='lat' dir='ltr'>quae</span> <span class='ocrx_word' id='word_1_162' title='bbox 524 2063 680 2127; x_wconf 87' lang='lat' dir='ltr'>attulimus</span> <span class='ocrx_word' id='word_1_163' title='bbox 708 2060 859 2142; x_wconf 85' lang='lat' dir='ltr'>adjectiva</span> <span class='ocrx_word' id='word_1_164' title='bbox 888 2061 989 2125; x_wconf 88' lang='lat' dir='ltr'>omnia</span> <span class='ocrx_word' id='word_1_165' title='bbox 1017 2060 1167 2140; x_wconf 76' lang='lat' dir='ltr'>syllabam</span> 
     </span>
     <span class='ocr_line' id='line_1_20' title="bbox 47 2159 1165 2244; baseline 0 -20"><span class='ocrx_word' id='word_1_166' title='bbox 47 2179 67 2224; x_wconf 85' lang='lat' dir='ltr'>a</span> <span class='ocrx_word' id='word_1_167' title='bbox 104 2163 173 2226; x_wconf 84' lang='lat' dir='ltr'>line</span> <span class='ocrx_word' id='word_1_168' title='bbox 204 2169 341 2243; x_wconf 89' lang='lat' dir='ltr'>quartam</span> <span class='ocrx_word' id='word_1_169' title='bbox 369 2163 490 2244; x_wconf 85' lang='lat' dir='ltr'>longam</span> <span class='ocrx_word' id='word_1_170' title='bbox 517 2163 644 2241; x_wconf 78' lang='lat' dir='ltr'>habent3</span> <span class='ocrx_word' id='word_1_171' title='bbox 674 2161 701 2224; x_wconf 91' lang='lat' dir='ltr'>si</span> <span class='ocrx_word' id='word_1_172' title='bbox 729 2177 821 2224; x_wconf 87' lang='lat' dir='ltr'>soous</span> <span class='ocrx_word' id='word_1_173' title='bbox 850 2167 914 2243; x_wconf 88' lang='lat' dir='ltr'>est,</span> <span class='ocrx_word' id='word_1_174' title='bbox 943 2165 995 2222; x_wconf 87' lang='lat' dir='ltr'>aut</span> <span class='ocrx_word' id='word_1_175' title='bbox 1022 2159 1165 2224; x_wconf 89' lang='lat' dir='ltr'>librarius</span> 
     </span>
     <span class='ocr_line' id='line_1_21' title="bbox 46 2251 1167 2342; baseline -0.003 -18"><span class='ocrx_word' id='word_1_176' title='bbox 46 2262 207 2340; x_wconf 81' lang='lat' dir='ltr'>peccavit</span> <span class='ocrx_word' id='word_1_177' title='bbox 221 2261 474 2325; x_wconf 85' lang='lat' dir='ltr'>auteonsuetudo</span> <span class='ocrx_word' id='word_1_178' title='bbox 490 2261 527 2325; x_wconf 88' lang='lat' dir='ltr'>de</span> <span class='ocrx_word' id='word_1_179' title='bbox 547 2262 597 2324; x_wconf 86' lang='lat' dir='ltr'>via</span> <span class='ocrx_word' id='word_1_180' title='bbox 618 2260 749 2335; x_wconf 77' lang='lat' dir='ltr'>defleuit.</span> <span class='ocrx_word' id='word_1_181' title='bbox 773 2252 938 2342; x_wconf 79' lang='grc' dir='ltr'><strong><em>Ἀνεμίδιος</em></strong></span> <span class='ocrx_word' id='word_1_182' title='bbox 959 2265 989 2322; x_wconf 87' lang='lat' dir='ltr'>et</span> <span class='ocrx_word' id='word_1_183' title='bbox 1010 2251 1167 2339; x_wconf 74' lang='grc' dir='ltr'><strong><em>ιἰινρίδιος</em></strong></span> 
     </span>
    </p>
   </div>
   <div class='ocr_carea' id='block_1_3' title="bbox 46 2353 1284 2442">
    <p class='ocr_par' dir='ltr' id='par_1_3' title="bbox 46 2353 1284 2442">
     <span class='ocr_line' id='line_1_22' title="bbox 46 2353 1284 2442; baseline -0.001 -21"><span class='ocrx_word' id='word_1_184' title='bbox 46 2361 115 2436; x_wconf 88' lang='lat' dir='ltr'>jam</span> <span class='ocrx_word' id='word_1_185' title='bbox 139 2358 258 2422; x_wconf 88' lang='lat' dir='ltr'>dudum</span> <span class='ocrx_word' id='word_1_186' title='bbox 282 2360 419 2423; x_wconf 91' lang='lat' dir='ltr'>emedio</span> <span class='ocrx_word' id='word_1_187' title='bbox 442 2367 623 2440; x_wconf 80' lang='lat' dir='ltr'>cesserunt3</span> <span class='ocrx_word' id='word_1_188' title='bbox 646 2357 819 2442; x_wconf 79' lang='grc' dir='ltr'><strong><em>ννντερίδια</em></strong></span> <span class='ocrx_word' id='word_1_189' title='bbox 840 2353 998 2439; x_wconf 82' lang='grc' dir='ltr'><strong><em>πνεύμονα</em></strong></span> <span class='ocrx_word' id='word_1_190' title='bbox 1014 2357 1164 2438; x_wconf 86' lang='lat' dir='ltr'>Theophr.</span> <span class='ocrx_word' id='word_1_191' title='bbox 1282 2415 1284 2420; x_wconf 89' lang='lat'><em>.</em></span> 
     </span>
    </p>
   </div>
   <div class='ocr_carea' id='block_1_4' title="bbox 50 2457 1164 3527">
    <p class='ocr_par' dir='ltr' id='par_1_4' title="bbox 50 2457 1164 3527">
     <span class='ocr_line' id='line_1_23' title="bbox 50 2457 1164 2542; baseline 0 -21"><span class='ocrx_word' id='word_1_192' title='bbox 50 2457 148 2524; x_wconf 86' lang='lat' dir='ltr'>Caus.</span> <span class='ocrx_word' id='word_1_193' title='bbox 171 2458 259 2542; x_wconf 77' lang='lat' dir='ltr'>llo,</span> <span class='ocrx_word' id='word_1_194' title='bbox 281 2461 307 2524; x_wconf 93' lang='grc'>1.</span> <span class='ocrx_word' id='word_1_195' title='bbox 336 2461 473 2539; x_wconf 86' lang='lat' dir='ltr'>quamvls</span> <span class='ocrx_word' id='word_1_196' title='bbox 501 2458 624 2540; x_wconf 91' lang='lat' dir='ltr'>optimis</span> <span class='ocrx_word' id='word_1_197' title='bbox 653 2457 740 2521; x_wconf 80' lang='lat' dir='ltr'>oodtl.</span> <span class='ocrx_word' id='word_1_198' title='bbox 767 2457 925 2540; x_wconf 84' lang='lat' dir='ltr'>firmatum,</span> <span class='ocrx_word' id='word_1_199' title='bbox 952 2463 1036 2519; x_wconf 89' lang='lat' dir='ltr'>reete</span> <span class='ocrx_word' id='word_1_200' title='bbox 1063 2461 1164 2520; x_wconf 87' lang='lat' dir='ltr'>tamen</span> 
     </span>
     <span class='ocr_line' id='line_1_24' title="bbox 51 2550 1163 2638; baseline 0.001 -19"><span class='ocrx_word' id='word_1_201' title='bbox 51 2555 208 2622; x_wconf 87' lang='lat' dir='ltr'>Heinsius</span> <span class='ocrx_word' id='word_1_202' title='bbox 234 2558 359 2622; x_wconf 87' lang='lat' dir='ltr'>sustulit</span> <span class='ocrx_word' id='word_1_203' title='bbox 385 2559 554 2622; x_wconf 88' lang='lat' dir='ltr'>substituto</span> <span class='ocrx_word' id='word_1_204' title='bbox 582 2550 760 2637; x_wconf 82' lang='grc' dir='ltr'><strong><em>ννιιτίρινα,</em></strong></span> <span class='ocrx_word' id='word_1_205' title='bbox 789 2556 873 2637; x_wconf 89' lang='lat' dir='ltr'>quod</span> <span class='ocrx_word' id='word_1_206' title='bbox 901 2563 931 2618; x_wconf 88' lang='lat' dir='ltr'>et</span> <span class='ocrx_word' id='word_1_207' title='bbox 960 2553 1063 2638; x_wconf 80' lang='lat' dir='ltr'>paullo</span> <span class='ocrx_word' id='word_1_208' title='bbox 1091 2563 1163 2620; x_wconf 90' lang='lat' dir='ltr'>ante</span> 
     </span>
     <span class='ocr_line' id='line_1_25' title="bbox 52 2654 1162 2738; baseline 0.002 -22"><span class='ocrx_word' id='word_1_209' title='bbox 52 2654 171 2734; x_wconf 80' lang='lat' dir='ltr'>legitur</span> <span class='ocrx_word' id='word_1_210' title='bbox 195 2663 226 2719; x_wconf 88' lang='lat' dir='ltr'>et</span> <span class='ocrx_word' id='word_1_211' title='bbox 247 2657 391 2738; x_wconf 90' lang='lat' dir='ltr'>sermoni,</span> <span class='ocrx_word' id='word_1_212' title='bbox 412 2663 445 2718; x_wconf 88' lang='lat' dir='ltr'>ut</span> <span class='ocrx_word' id='word_1_213' title='bbox 467 2673 562 2738; x_wconf 89' lang='lat' dir='ltr'>supra</span> <span class='ocrx_word' id='word_1_214' title='bbox 584 2655 783 2737; x_wconf 89' lang='lat' dir='ltr'>ostendimus,</span> <span class='ocrx_word' id='word_1_215' title='bbox 804 2654 896 2718; x_wconf 88' lang='lat' dir='ltr'>multo</span> <span class='ocrx_word' id='word_1_216' title='bbox 910 2661 959 2717; x_wconf 92' lang='lat' dir='ltr'>est</span> <span class='ocrx_word' id='word_1_217' title='bbox 973 2655 1162 2718; x_wconf 80' lang='lat' dir='ltr'>convenien-</span> 
     </span>
     <span class='ocr_line' id='line_1_26' title="bbox 56 2748 1161 2836; baseline 0.002 -22"><span class='ocrx_word' id='word_1_218' title='bbox 56 2754 115 2818; x_wconf 90' lang='lat' dir='ltr'>tias</span> <span class='ocrx_word' id='word_1_219' title='bbox 129 2777 136 2834; x_wconf 89' lang='lat'>;</span> <span class='ocrx_word' id='word_1_220' title='bbox 160 2748 338 2836; x_wconf 79' lang='grc' dir='ltr'><strong><em>ἀργαίίδιος</em></strong></span> <span class='ocrx_word' id='word_1_221' title='bbox 351 2756 515 2836; x_wconf 81' lang='lat' dir='ltr'>aliquoties</span> <span class='ocrx_word' id='word_1_222' title='bbox 529 2757 560 2817; x_wconf 91' lang='lat' dir='ltr'>in</span> <span class='ocrx_word' id='word_1_223' title='bbox 575 2755 681 2817; x_wconf 82' lang='lat' dir='ltr'>charta</span> <span class='ocrx_word' id='word_1_224' title='bbox 692 2753 867 2833; x_wconf 80' lang='lat' dir='ltr'>Borgbiana</span> <span class='ocrx_word' id='word_1_225' title='bbox 880 2753 998 2836; x_wconf 86' lang='lat' dir='ltr'>legitur,</span> <span class='ocrx_word' id='word_1_226' title='bbox 1018 2748 1161 2836; x_wconf 76' lang='grc' dir='ltr'><strong><em>ὑπανιο-</em></strong></span> 
     </span>
     <span class='ocr_line' id='line_1_27' title="bbox 53 2851 1161 2935; baseline 0.005 -23"><span class='ocrx_word' id='word_1_227' title='bbox 53 2851 151 2927; x_wconf 82' lang='grc' dir='ltr'><strong><em>ίίδιος</em></strong></span> <span class='ocrx_word' id='word_1_228' title='bbox 173 2853 257 2935; x_wconf 88' lang='lat' dir='ltr'>apud</span> <span class='ocrx_word' id='word_1_229' title='bbox 278 2854 438 2918; x_wconf 90' lang='lat' dir='ltr'>Constant.</span> <span class='ocrx_word' id='word_1_230' title='bbox 460 2856 594 2918; x_wconf 85' lang='lat' dir='ltr'>Manass.</span> <span class='ocrx_word' id='word_1_231' title='bbox 615 2854 646 2915; x_wconf 93' lang='lat' dir='ltr'>in</span> <span class='ocrx_word' id='word_1_232' title='bbox 668 2852 774 2934; x_wconf 90' lang='lat' dir='ltr'>Comp.</span> <span class='ocrx_word' id='word_1_233' title='bbox 791 2852 902 2916; x_wconf 88' lang='lat' dir='ltr'>Chron.</span> <span class='ocrx_word' id='word_1_234' title='bbox 924 2870 950 2916; x_wconf 85' lang='lat' dir='ltr'>r.</span> <span class='ocrx_word' id='word_1_235' title='bbox 970 2852 1057 2917; x_wconf 83' lang='grc'>1445.</span> <span class='ocrx_word' id='word_1_236' title='bbox 1079 2869 1161 2934; x_wconf 90' lang='lat' dir='ltr'>quo-</span> 
     </span>
     <span class='ocr_line' id='line_1_28' title="bbox 57 2951 1160 3031; baseline 0.003 -19"><span class='ocrx_word' id='word_1_237' title='bbox 57 2967 121 3014; x_wconf 91' lang='lat' dir='ltr'>rum</span> <span class='ocrx_word' id='word_1_238' title='bbox 151 2952 239 3015; x_wconf 90' lang='lat' dir='ltr'>nulla</span> <span class='ocrx_word' id='word_1_239' title='bbox 272 2953 303 3014; x_wconf 90' lang='lat' dir='ltr'>in</span> <span class='ocrx_word' id='word_1_240' title='bbox 329 2953 389 3016; x_wconf 88' lang='lat' dir='ltr'>boo</span> <span class='ocrx_word' id='word_1_241' title='bbox 417 2951 533 3031; x_wconf 80' lang='lat' dir='ltr'>jndicio</span> <span class='ocrx_word' id='word_1_242' title='bbox 565 2952 743 3016; x_wconf 85' lang='lat' dir='ltr'>arroteritas.</span> <span class='ocrx_word' id='word_1_243' title='bbox 797 2951 925 3015; x_wconf 86' lang='lat' dir='ltr'>Gravius</span> <span class='ocrx_word' id='word_1_244' title='bbox 954 2952 1160 3015; x_wconf 89' lang='lat' dir='ltr'>testimonium</span> 
     </span>
     <span class='ocr_line' id='line_1_29' title="bbox 56 3045 1159 3134; baseline 0.004 -25"><span class='ocrx_word' id='word_1_245' title='bbox 56 3051 190 3128; x_wconf 81' lang='lat' dir='ltr'>praebet</span> <span class='ocrx_word' id='word_1_246' title='bbox 215 3051 402 3114; x_wconf 86' lang='lat' dir='ltr'>Aristoteles</span> <span class='ocrx_word' id='word_1_247' title='bbox 428 3050 518 3116; x_wconf 85' lang='lat' dir='ltr'>Pelii.</span> <span class='ocrx_word' id='word_1_248' title='bbox 540 3052 573 3115; x_wconf 84' lang='lat' dir='ltr'>V.</span> <span class='ocrx_word' id='word_1_249' title='bbox 595 3049 623 3114; x_wconf 86' lang='grc'>6.</span> <span class='ocrx_word' id='word_1_250' title='bbox 645 3069 673 3132; x_wconf 92' lang='lat' dir='ltr'>p.</span> <span class='ocrx_word' id='word_1_251' title='bbox 697 3048 785 3132; x_wconf 82' lang='lat'><strong>1306,</strong></span> <span class='ocrx_word' id='word_1_252' title='bbox 807 3049 856 3115; x_wconf 82' lang='lat'>28.</span> <span class='ocrx_word' id='word_1_253' title='bbox 883 3045 1076 3132; x_wconf 78' lang='grc' dir='ltr'><strong><em>ἐγχειρίζουσι</em></strong></span> <span class='ocrx_word' id='word_1_254' title='bbox 1101 3046 1159 3134; x_wconf 75' lang='grc' dir='ltr'>τὴν</span> 
     </span>
     <span class='ocr_line' id='line_1_30' title="bbox 59 3142 1158 3235; baseline 0.002 -25"><span class='ocrx_word' id='word_1_255' title='bbox 59 3144 205 3231; x_wconf 81' lang='grc' dir='ltr'><strong><em>φυλακὴν</em></strong></span> <span class='ocrx_word' id='word_1_256' title='bbox 233 3145 356 3230; x_wconf 78' lang='grc' dir='ltr'><strong><em>ἄρχοντι</em></strong></span> <span class='ocrx_word' id='word_1_257' title='bbox 375 3149 499 3235; x_wconf 76' lang='grc' dir='ltr'><strong><em>μεσιδίῳ</em></strong></span> <span class='ocrx_word' id='word_1_258' title='bbox 519 3187 561 3198; x_wconf 91' lang='grc'>--</span> <span class='ocrx_word' id='word_1_259' title='bbox 581 3144 655 3230; x_wconf 84' lang='grc' dir='ltr'><strong><em>ὅπερ</em></strong></span> <span class='ocrx_word' id='word_1_260' title='bbox 677 3142 790 3231; x_wconf 80' lang='grc' dir='ltr'>συνέβη</span> <span class='ocrx_word' id='word_1_261' title='bbox 810 3144 845 3212; x_wconf 72' lang='grc' dir='ltr'>ἐν</span> <span class='ocrx_word' id='word_1_262' title='bbox 865 3149 1021 3231; x_wconf 74' lang='grc' dir='ltr'><strong><em>Λαρίσσῃ,</em></strong></span> <span class='ocrx_word' id='word_1_263' title='bbox 1049 3156 1078 3212; x_wconf 84' lang='lat' dir='ltr'>et</span> <span class='ocrx_word' id='word_1_264' title='bbox 1099 3148 1158 3212; x_wconf 93' lang='lat' dir='ltr'>Ni-</span> 
     </span>
     <span class='ocr_line' id='line_1_31' title="bbox 59 3240 1158 3331; baseline 0.001 -25"><span class='ocrx_word' id='word_1_265' title='bbox 59 3261 133 3312; x_wconf 86' lang='lat' dir='ltr'>eom.</span> <span class='ocrx_word' id='word_1_266' title='bbox 146 3249 183 3312; x_wconf 84' lang='lat' dir='ltr'>V.</span> <span class='ocrx_word' id='word_1_267' title='bbox 199 3249 228 3312; x_wconf 83' lang='grc'>’1.</span> <span class='ocrx_word' id='word_1_268' title='bbox 244 3265 272 3328; x_wconf 93' lang='lat' dir='ltr'>p.</span> <span class='ocrx_word' id='word_1_269' title='bbox 289 3248 377 3331; x_wconf 80' lang='lat'><strong>1132,</strong></span> <span class='ocrx_word' id='word_1_270' title='bbox 397 3248 446 3314; x_wconf 88' lang='grc'>33.</span> <span class='ocrx_word' id='word_1_271' title='bbox 467 3249 589 3331; x_wconf 78' lang='grc' dir='ltr'><strong><em>ζητοῦσι</em></strong></span> <span class='ocrx_word' id='word_1_272' title='bbox 609 3242 757 3330; x_wconf 79' lang='grc' dir='ltr'><strong><em>δικαστὴν</em></strong></span> <span class='ocrx_word' id='word_1_273' title='bbox 775 3240 870 3328; x_wconf 81' lang='grc' dir='ltr'><strong><em>μέσον</em></strong></span> <span class='ocrx_word' id='word_1_274' title='bbox 890 3243 942 3310; x_wconf 82' lang='grc' dir='ltr'>καὶ</span> <span class='ocrx_word' id='word_1_275' title='bbox 962 3245 1090 3310; x_wconf 79' lang='grc' dir='ltr'><strong><em>καλοῦσί</em></strong></span> <span class='ocrx_word' id='word_1_276' title='bbox 1110 3268 1158 3308; x_wconf 81' lang='grc' dir='ltr'>τι-</span> 
     </span>
     <span class='ocr_line' id='line_1_32' title="bbox 60 3345 1149 3428; baseline 0.002 -24"><span class='ocrx_word' id='word_1_277' title='bbox 60 3363 106 3416; x_wconf 78' lang='grc' dir='ltr'>νες</span> <span class='ocrx_word' id='word_1_278' title='bbox 123 3345 295 3426; x_wconf 80' lang='grc' dir='ltr'><strong><em>μεσιόίους,</em></strong></span> <span class='ocrx_word' id='word_1_279' title='bbox 318 3346 376 3410; x_wconf 72' lang='lat' dir='ltr'>sedv</span> <span class='ocrx_word' id='word_1_280' title='bbox 394 3346 454 3410; x_wconf 88' lang='lat' dir='ltr'>hoe</span> <span class='ocrx_word' id='word_1_281' title='bbox 475 3348 545 3411; x_wconf 83' lang='lat' dir='ltr'>loeo</span> <span class='ocrx_word' id='word_1_282' title='bbox 567 3346 638 3410; x_wconf 89' lang='lat' dir='ltr'>libri</span> <span class='ocrx_word' id='word_1_283' title='bbox 658 3346 796 3410; x_wconf 87' lang='lat' dir='ltr'>nonnulli</span> <span class='ocrx_word' id='word_1_284' title='bbox 815 3346 990 3428; x_wconf 79' lang='grc' dir='ltr'><strong><em>μεσιὸίκους</em></strong></span> <span class='ocrx_word' id='word_1_285' title='bbox 1011 3352 1041 3408; x_wconf 86' lang='lat' dir='ltr'>et</span> <span class='ocrx_word' id='word_1_286' title='bbox 1061 3359 1149 3424; x_wconf 79' lang='lat' dir='ltr'>peoo-</span> 
     </span>
     <span class='ocr_line' id='line_1_33' title="bbox 59 3439 1155 3527; baseline 0.003 -24"><span class='ocrx_word' id='word_1_287' title='bbox 59 3439 144 3526; x_wconf 79' lang='grc' dir='ltr'><strong><em>δίκην</em></strong></span> <span class='ocrx_word' id='word_1_288' title='bbox 166 3445 315 3527; x_wconf 85' lang='lat' dir='ltr'>praebent</span> <span class='ocrx_word' id='word_1_289' title='bbox 337 3452 366 3508; x_wconf 90' lang='lat' dir='ltr'>et</span> <span class='ocrx_word' id='word_1_290' title='bbox 387 3446 529 3527; x_wconf 89' lang='lat' dir='ltr'>utrinque</span> <span class='ocrx_word' id='word_1_291' title='bbox 557 3445 658 3510; x_wconf 87' lang='lat' dir='ltr'>elucet</span> <span class='ocrx_word' id='word_1_292' title='bbox 684 3461 793 3509; x_wconf 82' lang='lat' dir='ltr'>rocem</span> <span class='ocrx_word' id='word_1_293' title='bbox 821 3461 838 3507; x_wconf 92' lang='lat' dir='ltr'>e</span> <span class='ocrx_word' id='word_1_294' title='bbox 866 3444 997 3508; x_wconf 78' lang='lat' dir='ltr'>dialecto</span> <span class='ocrx_word' id='word_1_295' title='bbox 1025 3442 1155 3524; x_wconf 89' lang='lat' dir='ltr'>quadam</span> 
     </span>
    </p>
   </div>
   <div class='ocr_carea' id='block_1_5' title="bbox 61 3615 326 3631">
    <p class='ocr_par' dir='ltr' id='par_1_5' title="bbox 61 3615 326 3631">
     <span class='ocr_line' id='line_1_34' title="bbox 61 3615 326 3631; baseline 0.008 -2"><span class='ocrx_word' id='word_1_296' title='bbox 61 3615 326 3631; x_wconf 42' lang='grc' dir='ltr'>και-...-</span> 
     </span>
    </p>
   </div>
   <div class='ocr_carea' id='block_1_6' title="bbox 65 3717 1153 4129">
    <p class='ocr_par' dir='ltr' id='par_1_6' title="bbox 65 3717 1153 4129">
     <span class='ocr_line' id='line_1_35' title="bbox 124 3717 1153 3794; baseline -0.009 -13"><span class='ocrx_word' id='word_1_297' title='bbox 124 3725 166 3793; x_wconf 86' lang='lat' dir='ltr'>ll)</span> <span class='ocrx_word' id='word_1_298' title='bbox 183 3725 240 3780; x_wconf 88' lang='lat' dir='ltr'>lloc</span> <span class='ocrx_word' id='word_1_299' title='bbox 258 3725 378 3780; x_wconf 87' lang='lat' dir='ltr'>substitui</span> <span class='ocrx_word' id='word_1_300' title='bbox 394 3741 441 3794; x_wconf 91' lang='lat' dir='ltr'>pro</span> <span class='ocrx_word' id='word_1_301' title='bbox 460 3725 572 3794; x_wconf 79' lang='grc' dir='ltr'><strong><em>σχίιίιος.</em></strong></span> <span class='ocrx_word' id='word_1_302' title='bbox 593 3725 702 3794; x_wconf 91' lang='lat' dir='ltr'>Propius</span> <span class='ocrx_word' id='word_1_303' title='bbox 720 3721 937 3792; x_wconf 76' lang='grc' dir='ltr'><strong><em>οιιιίμοσχίίιος,</em></strong></span> <span class='ocrx_word' id='word_1_304' title='bbox 952 3718 1000 3775; x_wconf 88' lang='lat' dir='ltr'>sed</span> <span class='ocrx_word' id='word_1_305' title='bbox 1013 3717 1153 3773; x_wconf 85' lang='lat' dir='ltr'>aSelmel-</span> 
     </span>
     <span class='ocr_line' id='line_1_36' title="bbox 65 3801 1151 3877; baseline -0.002 -21"><span class='ocrx_word' id='word_1_306' title='bbox 65 3803 121 3860; x_wconf 87' lang='lat' dir='ltr'>lero</span> <span class='ocrx_word' id='word_1_307' title='bbox 139 3808 226 3864; x_wconf 82' lang='lat' dir='ltr'>lictum</span> <span class='ocrx_word' id='word_1_308' title='bbox 244 3815 285 3866; x_wconf 85' lang='lat' dir='ltr'>est</span> <span class='ocrx_word' id='word_1_309' title='bbox 302 3813 390 3862; x_wconf 87' lang='lat' dir='ltr'>eontra</span> <span class='ocrx_word' id='word_1_310' title='bbox 414 3809 539 3875; x_wconf 82' lang='lat' dir='ltr'>regulam.</span> <span class='ocrx_word' id='word_1_311' title='bbox 576 3811 649 3873; x_wconf 83' lang='lat' dir='ltr'>Quae</span> <span class='ocrx_word' id='word_1_312' title='bbox 667 3809 818 3877; x_wconf 77' lang='lat' dir='ltr'>Splburgius</span> <span class='ocrx_word' id='word_1_313' title='bbox 843 3807 963 3876; x_wconf 88' lang='lat' dir='ltr'>proponit</span> <span class='ocrx_word' id='word_1_314' title='bbox 981 3801 1076 3871; x_wconf 74' lang='grc' dir='ltr'><strong><em>σχίιίιι</em></strong></span> <span class='ocrx_word' id='word_1_315' title='bbox 1094 3808 1151 3872; x_wconf 74' lang='grc' dir='ltr'><strong><em>σχί-</em></strong></span> 
     </span>
     <span class='ocr_line' id='line_1_37' title="bbox 68 3885 1151 3960; baseline -0.004 -14"><span class='ocrx_word' id='word_1_316' title='bbox 68 3885 126 3949; x_wconf 73' lang='lat' dir='ltr'>iwe,</span> <span class='ocrx_word' id='word_1_317' title='bbox 143 3894 259 3948; x_wconf 87' lang='lat' dir='ltr'>inaudita</span> <span class='ocrx_word' id='word_1_318' title='bbox 279 3897 346 3946; x_wconf 87' lang='lat' dir='ltr'>sunt.</span> <span class='ocrx_word' id='word_1_319' title='bbox 381 3891 527 3960; x_wconf 75' lang='grc' dir='ltr'><strong><em>Μνιχίίινς</em></strong></span> <span class='ocrx_word' id='word_1_320' title='bbox 550 3893 614 3946; x_wconf 85' lang='lat' dir='ltr'>illurl</span> <span class='ocrx_word' id='word_1_321' title='bbox 633 3892 822 3948; x_wconf 87' lang='lat' dir='ltr'>restituendum</span> <span class='ocrx_word' id='word_1_322' title='bbox 841 3895 882 3946; x_wconf 85' lang='lat' dir='ltr'>est</span> <span class='ocrx_word' id='word_1_323' title='bbox 903 3891 930 3942; x_wconf 91' lang='lat' dir='ltr'>in</span> <span class='ocrx_word' id='word_1_324' title='bbox 951 3885 1008 3940; x_wconf 82' lang='lat' dir='ltr'>lili.</span> <span class='ocrx_word' id='word_1_325' title='bbox 1026 3887 1092 3952; x_wconf 80' lang='lat'>³80,</span> <span class='ocrx_word' id='word_1_326' title='bbox 1109 3887 1151 3944; x_wconf 81' lang='grc'>35.</span> 
     </span>
     <span class='ocr_line' id='line_1_38' title="bbox 66 3969 1150 4043; baseline 0.003 -19"><span class='ocrx_word' id='word_1_327' title='bbox 66 3983 106 4036; x_wconf 90' lang='lat' dir='ltr'>pro</span> <span class='ocrx_word' id='word_1_328' title='bbox 121 3976 252 4041; x_wconf 79' lang='grc' dir='ltr'><strong><em>μαίίίινς.</em></strong></span> <span class='ocrx_word' id='word_1_329' title='bbox 272 3975 395 4042; x_wconf 85' lang='lat' dir='ltr'>idemque</span> <span class='ocrx_word' id='word_1_330' title='bbox 414 3974 527 4030; x_wconf 78' lang='lat' dir='ltr'>Arcadio</span> <span class='ocrx_word' id='word_1_331' title='bbox 545 3977 586 4042; x_wconf 81' lang='grc'>39,</span> <span class='ocrx_word' id='word_1_332' title='bbox 606 3977 646 4032; x_wconf 90' lang='grc'>19.</span> <span class='ocrx_word' id='word_1_333' title='bbox 665 3991 711 4043; x_wconf 88' lang='lat' dir='ltr'>pro</span> <span class='ocrx_word' id='word_1_334' title='bbox 731 3971 892 4043; x_wconf 72' lang='grc' dir='ltr'><strong><em>μιμψίδιοο</em></strong></span> <span class='ocrx_word' id='word_1_335' title='bbox 911 3969 980 4039; x_wconf 83' lang='lat' dir='ltr'>quod</span> <span class='ocrx_word' id='word_1_336' title='bbox 1000 3970 1150 4028; x_wconf 83' lang='lat' dir='ltr'>Schneide-</span> 
     </span>
     <span class='ocr_line' id='line_1_39' title="bbox 66 4057 846 4129; baseline 0.005 -25"><span class='ocrx_word' id='word_1_337' title='bbox 66 4065 103 4107; x_wconf 88' lang='lat' dir='ltr'>rus</span> <span class='ocrx_word' id='word_1_338' title='bbox 119 4059 144 4111; x_wconf 89' lang='lat' dir='ltr'>in</span> <span class='ocrx_word' id='word_1_339' title='bbox 160 4059 263 4114; x_wconf 76' lang='lat' dir='ltr'>Auctor.</span> <span class='ocrx_word' id='word_1_340' title='bbox 282 4058 345 4113; x_wconf 86' lang='lat' dir='ltr'>Lex.</span> <span class='ocrx_word' id='word_1_341' title='bbox 363 4060 442 4114; x_wconf 80' lang='lat' dir='ltr'>tacite</span> <span class='ocrx_word' id='word_1_342' title='bbox 461 4060 487 4112; x_wconf 88' lang='lat' dir='ltr'>in</span> <span class='ocrx_word' id='word_1_343' title='bbox 503 4058 656 4129; x_wconf 72' lang='grc' dir='ltr'><strong><em>μεμφίδιος</em></strong></span> <span class='ocrx_word' id='word_1_344' title='bbox 676 4057 846 4124; x_wconf 80' lang='lat' dir='ltr'>transfigurat.</span> 
     </span>
    </p>
   </div>
   <div class='ocr_carea' id='block_1_7' title="bbox 0 0 1410 4992">
    <p class='ocr_par' dir='ltr' id='par_1_7' title="bbox 0 0 1410 4992">
     <span class='ocr_line' id='line_1_40' title="bbox 0 0 1410 4992; baseline 0 0"><span class='ocrx_word' id='word_1_345' title='bbox 0 0 1410 4992; x_wconf 95' lang='lat' dir='ltr'> </span> 
     </span>
    </p>
   </div>
  </div>
 </body>
</html>
