2758 4994
205 263 275 333 282
549 259 882 328 nissunnAuio
911 261 959 326 ii.

206 431 256 494 tur
276 433 314 491 ut·
331 443 521 509 exponamus
544 429 729 509 progeniem.
766 426 920 491 Aduerbio
943 417 1083 508 equidem
1103 427 1190 492 nulla
1209 431 1329 509 reperi

206 533 331 608 praeter
350 520 554 609 rependeres
576 527 710 608 Theogn.
726 525 795 591 udo.
814 533 843 590 ei
858 521 1045 607 γηθοσύνας
1064 528 1097 589 in
1109 527 1330 609 Hippocratis
1368 557 1369 612 η

206 625 304 706 Epist.
328 624 366 690 ad
393 627 593 706 Damogetum
622 633 758 689 extrema
785 642 814 705 p.
836 624 884 688 24.
907 623 989 703 (814.
1009 624 1058 706 K.)
1086 625 1140 688 ubi
1168 627 1200 688 in
1223 626 1330 690 oodd.

206 719 388 807 γηθόσυνος
416 733 446 789 et
471 719 635 807 γηθόσυνοι
663 725 810 804 seriptum
837 729 894 786 est.
929 722 1177 804 Comparationis
1197 724 1232 786 in
1257 725 1329 787 hoe

206 839 320 905 genere
346 823 509 904 vestigium
537 823 650 886 nullum
680 829 825 904 apparet3
859 823 1024 902 positionis
1057 823 1222 885 femininae
1253 840 1329 886 non

207 922 311 988 multe.
353 921 444 1003 Apud
470 923 634 986 Homerum
663 921 784 1002 quidem
813 919 867 985 0d.
889 921 937 984 ΧΙ.
959 921 1029 984 540.
1052 915 1137 1003 ύυχίη
1158 921 1328 985 Αἰακίδαο

207 1021 301 1104 φοίτα
324 1017 504 1104 γηθοσύνῃ,
534 1019 672 1084 nonnulli
699 1014 861 1101 γηθοσύνη
888 1020 1080 1100 seripserunt
1106 1017 1200 1100 χωρίς
1220 1015 1328 1086 τοῦῐ
1368 1095 1369 1098 ¹

206 1119 290 1186 llari.
310 1119 503 1201 improbante
532 1120 598 1184 sine
620 1118 712 1182 duhio
733 1118 942 1199 Aristophane
964 1119 1014 1199 qui
1035 1118 1067 1179 in
1088 1118 1120 1183 ll.
1142 1119 1220 1182 Xlll.
1245 1119 1325 1184 129.

208 1214 372 1302 γηθοσύνη
394 1212 427 1281 δὲ
446 1215 590 1282 θάλασσα
610 1216 746 1280 διίστατο
767 1216 849 1281 addit
869 1233 926 1298 pro
948 1211 1120 1298 γηθοσύνη,
1140 1217 1236 1298 idque
1249 1219 1326 1281 lle-

208 1315 355 1382 rodianus
373 1323 471 1381 rutum
488 1317 593 1381 habuit
612 1324 778 1398 propterea
799 1315 882 1397 quod
903 1315 984 1396 apud
1000 1311 1164 1380 Homerum
1181 1315 1324 1397 plurima

209 1415 351 1497 legantur
371 1417 566 1484 substantive
587 1412 797 1498 δρηστοσύνη,
823 1410 1012 1497 κερδοσύνη,
1033 1411 1230 1497 μαχλοσύνη,Ι
1253 1414 1324 1491 ξει-

208 1511 336 1598 νοσύυη,
358 1510 573 1597 πλαγκτοσύνη
595 1513 686 1595 (adde
701 1510 884 1598 βριθοσύνη,
906 1509 1092 1596 δουλοσύνη,
1113 1510 1323 1596 δαττροσύυη,

209 1610 381 1697 ἱπποσύνη,
404 1609 597 1696 ταρβοσύνη,
618 1609 784 1698 τοξοσύυη)
805 1615 969 1694 ipsumque
991 1607 1154 1695 γηθοσύνη
1176 1616 1323 1698 saepiuS‚

207 1729 266 1780 nee
292 1730 363 1778 raro
390 1708 580 1796 γηθόσυνος,
609 1713 664 1777 sed
695 1712 895 1778 masculinum
916 1711 1025 1793 modo,
1052 1727 1115 1773 non
1135 1698 1320 1794 γηθοσύνη.

208 1812 367 1876 Valentius
388 1812 448 1875 lroe
469 1812 549 1875 foret
572 1818 780 1892 argumentum
802 1810 900 1874 sioubi
913 1803 934 1892 ἡ
953 1805 1132 1892 γηθόσυνος
1148 1811 1321 1891 legeretur.

210 1910 272 1976 Sed
295 1910 417 1975 omnino
441 1917 535 1992 poeta
557 1910 617 1973 hoo
639 1908 790 1989 adjeotivo
813 1924 876 1972 non
898 1925 1009 1991 saepe,
1036 1909 1104 1972 aliis
1132 1909 1203 1973 lruie
1226 1913 1323 1974 simi-

208 2008 289 2074 libus
318 2025 471 2090 nunquam
500 2026 575 2072 usus
609 2014 666 2072 est.
693 2007 772 2071 Vere
803 2015 903 2070 tamen
930 2007 982 2070 ille
1010 2009 1227 2087 pronunciavit
1255 2011 1321 2074 hoo

209 2125 305 2189 getius
328 2103 376 2171 ἐπὶ
396 2103 432 2171 τὸ
452 2108 558 2169 πλεῖον
584 2123 647 2170 non
674 2108 801 2171 moveri.
832 2108 866 2170 ln
887 2106 923 2169 H.
938 2106 973 2170 H.
991 2107 1023 2168 in
1038 2108 1095 2186 Ap.
1120 2105 1187 2171 137.
1208 2110 1322 2196 χρυσῷ

209 2208 314 2290 Δῆλος
334 2201 440 2269 ἅπασα
458 2206 592 2288 βεβρίθει
612 2202 774 2288 γηθοσύνη
787 2241 827 2254 -
844 2206 1068 2270 substantivum
1082 2205 1229 2270 substitui
1253 2226 1320 2290 po-

209 2312 286 2388 test,
316 2312 473 2387 totumque
495 2320 615 2367 uersum
637 2305 809 2368 interclusit
830 2304 1030 2368 Hermannus.
1066 2303 1243 2369 Proximum
1266 2312 1319 2370 est
1368 2365 1369 2400 ἦ

208 2398 417 2486 εὐφροσύναις
443 2396 565 2477 ἀοιδαῖς
591 2403 675 2467 Pind.
697 2404 744 2468 ur.
765 2402 867 2467 Paulli.
891 2402 926 2466 ii.
947 2419 976 2466 n.
998 2402 1048 2486 63,
1069 2402 1161 2468 592²
1183 2410 1214 2467 et
1244 2400 1319 2468 κιό-
1368 2453 1369 2498 t

207 2517 294 2588 νεοσι
314 2497 518 2576 δεσποσύνοις
537 2502 624 2581 Pyth.
646 2503 693 2566 lll.
713 2501 784 2567 476.
812 2502 864 2564 ubi
891 2501 975 2563 nulla
1001 2509 1049 2565 est
1076 2503 1224 2566 librorum
1247 2504 1320 2567 dis·
1368 2573 1369 2578 η

210 2603 326 2666 sensio.
357 2601 500 2666 Cratinus
520 2602 566 2666 Fr.
588 2601 688 2665 LXlX.
710 2600 782 2666 89.³
808 2595 913 2678 Ἥραν
932 2594 964 2661 τὲ
985 2599 1015 2662 οί
1032 2593 1202 2664 Ἀσπασίαν
1222 2603 1319 2666 τίκτει

208 2695 483 2782 καταπυγοσύνην,
505 2701 565 2764 nisi
587 2695 826 2782 καταπυγοσύνη
847 2699 981 2779 sempsit.
1010 2699 1101 2779 Apud
1124 2700 1316 2780 Aeschylum

209 2799 294 2863 Pers.
307 2799 368 2864 520
383 2797 480 2881 (580.)
495 2793 730 2861 δεσπόσυνοισιν
750 2792 899 2879 ἀνάγκαις
920 2799 1009 2878 pauoi
1028 2800 1203 2862 femininum
1217 2817 1317 2880 prae-

210 2898 293 2982 bent,
308 2898 464 2978 aliquanto
482 2898 586 2978 plures
600 2898 671 2961 Eur.
685 2898 758 2962 ileo.
774 2896 822 2962 96.
839 2892 893 2973 τὰς
911 2893 1103 2972 δεσποσύνας
1119 2893 1238 2980 σκηνάς
1255 2917 1314 2980 pro

208 2997 333 3078 vulgato
349 2992 592 3075 δεσποσύνους,4
618 2996 759 3077 idemque
779 2997 811 3058 in
831 2997 909 3061 Plut.
928 2997 961 3061 V.
975 2997 1048 3076 Lyo.
1065 3013 1091 3061 o.
1106 2997 1210 3062 Xlllll.
1232 3015 1315 3062 nuno

209 3112 265 3178 pro
295 3090 486 3170 δεσποσύνας
513 3097 686 3160 restitutum
714 3102 771 3159 est.
804 3096 967 3160 Numerum
995 3102 1085 3174 auget
1114 3097 1218 3160 Soloi.
1241 3099 1314 3164 Eur.

212 3193 262 3260 0r.
285 3193 373 3259 1371.
394 3190 587 3268 καλλοσύνας
608 3189 743 3277 (Λήδας)
765 3189 833 3258 ἀντὶ
852 3196 910 3257 τού
931 3192 1200 3277 περικαλλεστάτης
1221 3203 1261 3264 et,
1276 3194 1314 3258 ad

208 3288 526 3375 ν.137ίι.ίπποούνη
552 3292 731 3373 Δαρδανία,
761 3293 817 3358 sed
843 3294 958 3357 rectius
986 3293 1037 3354 alii
1063 3302 1227 3377 utrumque
1255 3311 1312 3376 pro

208 3391 402 3456 substantivo
426 3392 595 3474 accipiunt,
625 3391 707 3473 duod
734 3407 831 3472 genus
859 3391 1079 3456 vocabulorum
1101 3410 1177 3473 prae
1199 3394 1312 3458 oeteris

208 3490 353 3571 {nequens
374 3489 530 3571 Euripidi:
557 3483 729 3574 ἆβροσύνη,
752 3484 973 3574 ἀγνωμοσύνη,
996 3483 1209 3575 ἀμνημοσύνη,
1230 3485 1312 3555 ἄπει-

271 3755 300 3822 2)
310 3754 415 3850 dodim.
433 3754 498 3810 xiv.
517 3755 542 3811 9.
565 3753 642 3824 φωνὴ
661 3753 831 3827 εύφρύσννος
846 3757 906 3811 eod.
922 3754 1099 3828 εύφροσύνης,
1119 3758 1190 3826 quod
1206 3762 1233 3814 ei
1248 3759 1310 3812 illuc

206 3843 349 3990 ὓοῃγλλλλ.
369 3922 389 3976 l.
410 3937 436 3990 p.
457 3921 512 3978 148.
534 3919 575 3976 ed.
593 3921 707 3978 lleinelr.

272 4006 302 4074 4)
320 4003 476 4070 Δεοποούνη
493 4005 617 4062 llattluiae
636 4019 772 4076 perperam
786 4009 940 4078 aequiparat
957 4021 1016 4072 enm
1033 4008 1188 4079 θηροφόνη,
1207 4009 1241 4066 de
1259 4025 1309 4079 quo

202 4085 347 4142 Bruuolrius
368 4089 490 4158 loquitur.
961 4164 963 4169 Ι
1031 4127 1034 4133 -
1067 4129 1069 4136 ι
