2772 4992
33 287 93 353 DE
117 284 228 352 Nom.
249 283 415 364 QUORUM
435 283 549 351 chuia
570 283 648 350 EST
662 283 880 351 GUTTURAL.
903 284 936 350 C.
952 284 988 351 u
1006 291 1036 362 ς.
1049 285 1078 353 3.
1100 285 1165 355 clu

35 451 445 536 perispomeuisreierat‘t
472 444 643 532 Εὐρυκιῑν,
671 448 845 532 Aeginetis,
873 451 1165 536 mariamm-

33 554 119 630 κῶν,
139 545 338 633 Ἡρωιιὲους
358 544 434 629 ὅπερ
456 542 587 624 Ἰλιάδος
612 545 735 631 γράψας
761 543 955 628 Ὀδυσσείας,
980 542 1164 633 homerus

36 646 57 714 ὁ
78 659 124 714 τα
149 645 368 736 Σαμοθρᾴκια
387 645 511 731 γράψας
530 671 561 713 π.
583 651 662 713 Μου
690 665 722 731 p.
741 649 769 714 9.
791 667 853 730 quo
874 649 946 714 loco
967 650 1163 716 scribendum

37 758 91 814 cst
125 749 267 832 Δηικιόιι
296 741 314 810 ὁ
336 741 535 832 Ἡρακλέους,
550 742 724 832 ’Ἡρακλωὸν
751 742 769 811 ὁ
794 745 864 831 περὶ
888 743 1015 823 Ἰλιάδος
1041 745 1164 833 γράψας
1271 749 1274 756 ’

37 847 95 914 καὶ
114 843 317 924 Ὀδυσσείας,
338 863 409 912 uam
425 842 607 930 Ἡρακλέων
625 845 758 930 ἔγραψαν
777 841 946 930 ὑπόμνημα
966 846 1009 921 εἰς
1020 842 1164 932 Ὅμηρωι

39 948 133 1014 Suid.
184 948 266 1012 llice
284 947 377 1027 igitur
397 951 590 1010 contractum
612 941 833 1027 αςιἩρωιλωα
845 953 879 1010 ut
891 941 1063 1028 Δεξικρέων
1076 947 1163 1024 Aser·

39 1049 144 1132 κρῶν,
163 1041 365 1128 ‘opponam
381 1039 569 1130 Ἑρμοκρῶα.
612 1046 724 1109 Verum
742 1039 926 1129 Ἀθηνακῶν
945 1045 1026 1110 uude
1040 1046 1161 1112 taudem

41 1148 217 1212 coaluisse
245 1145 408 1210 dicemus?
449 1144 527 1208 Num
557 1162 596 1208 ex
621 1138 855 1227 Ἀθηναιιόωκ1
897 1145 950 1210 Sic
981 1161 1058 1210 saue
1083 1162 1163 1212 cem

42 1249 156 1310 suisse
181 1244 305 1308 uidetur
326 1243 494 1308 Fruuekius
508 1247 568 1325 qui
586 1243 625 1306 ad
646 1245 742 1308 lusor.
770 1243 903 1308 Richter.
924 1243 993 1309 oto.
1017 1237 1164 1325 Ἡραιωὶν

43 1363 117 1408 cum
147 1343 329 1426 Δημοκῶν,
354 1335 505 1422 Ἠροφων
532 1349 563 1406 et
589 1342 740 1406 similibus
769 1343 936 1408 contendit.
973 1343 1026 1406 ..tt
1055 1343 1163 1412 horum
1262 1389 1264 1395 ι

46 1443 201 1526 exemplo
231 1441 465 1505 conuenientius
493 1441 575 1504 toret
596 1433 782 1522 Ἀθηνακῶα
809 1459 898 1522 quam
925 1434 1167 1524 bonnensem.

46 1542 135 1623 quod
155 1541 271 1606 nescio
293 1539 365 1620 quid
388 1556 459 1604 esse
481 1540 585 1620 possit
605 1540 664 1602 uisi
681 1539 811 1620 simplex
826 1557 865 1604 ex
875 1535 1072 1624 Ἀθηναιων
1085 1555 1165 1606 ecu-

48 1647 195 1706 traotum·
213 1643 246 1702 ut
268 1631 377 1720 ἀργίας
398 1630 495 1719 ἀργᾶς
516 1637 553 1700 dc
576 1637 758 1718 qucoleem
778 1640 810 1702 iu
831 1640 961 1704 Dissert.
983 1639 1018 1704 X.
1050 1639 1164 1704 Dubito

49 1747 157 1804 tamen
181 1755 224 1802 au
244 1737 439 1801 Herodianus
461 1738 509 1800 sic
526 1751 590 1799 uou
611 1737 781 1816 scripserit.
821 1738 899 1802 Nam
912 1739 965 1802 illc
983 1739 1166 1808 Samothra·-

52 1841 173 1902 ciarum
203 1853 307 1900 rerum
336 1837 469 1918 scriptor
495 1836 535 1899 ab
563 1835 632 1899 aliis
661 1835 792 1898 Athenio
821 1837 931 1901 dicitur
956 1853 985 1901 u.
1012 1838 1164 1918 Aglaoph.

52 1955 81 2018 p.
106 1937 202 2001 1220.
226 1935 356 1999 Mciueh.
378 1935 457 1999 Hist.
479 1933 563 1999 Com.
584 1932 654 1998 189.
677 1940 709 1998 ct
729 1934 847 2014 Fragm.
863 1935 930 1999 Vol.
942 1935 990 1998 19.
1004 1935 1074 2000 489.
1093 1937 1165 2001 hoio

54 2043 158 2100 autem
190 2035 321 2117 propios
350 2040 400 2097 ast
422 2028 598 2115 Ἀθηναιων
624 2033 657 2095 iu
682 2033 778 2097 luscr.
807 2032 882 2096 Chia
908 2049 937 2099 o.
964 2023 1054 2100 2214.
1082 2039 1166 2116 quod

55 2136 93 2199 ab
113 2129 287 2218 Ἀθηνικός
309 2134 444 2196 existere
466 2132 568 2213 potuit
587 2137 622 2196 ut
639 2123 823 2194 Ἀπελλικῶν
843 2131 881 2196 ab
906 2125 1080 2208 Ἀιιιλκιιιός
1098 2137 1166 2201 siue

54 2227 231 2317 Ἀπέϋιχος
250 2233 343 2296 bath.
364 2231 427 2294 vll.
451 2231 520 2296 735.
545 2230 628 2298 9.,(1.
655 2231 703 2295 lv.
734 2237 763 2306 S.
793 2230 819 2295 1'.
862 2232 896 2296 Si
927 2247 1002 2296 vcro
1027 2226 1166 2318 Ἀθηνα-

56 2333 121 2395 eoo
149 2334 185 2396 in
215 2350 275 2396 usu
302 2331 373 2413 luit,
401 2329 432 2393 id
454 2345 493 2394 eu
510 2323 723 2412 Ἀθηναίων,
752 2335 785 2392 ut
806 2329 884 2414 ulixi,
912 2333 1070 2398 concisum
1092 2352 1165 2402 esse

60 2439 203 2513 oportet,
234 2431 283 2495 cui
304 2429 416 2494 similia
442 2436 516 2494 suot
539 2428 706 2492 Πιθακίωιι
725 2430 875 2510 cauponis
897 2445 1010 2494 nomeu
1030 2433 1166 2515 Alciphr.

58 2529 222 2595 111.to.1⁷
249 2527 421 2610 Δαμωιίων
444 2535 474 2591 et
488 2521 646 2610 Ἡρακίαιν
666 2527 698 2590 in
719 2528 894 2610 epigraphis
921 2528 1056 2610 lapidum
1075 2533 1167 2598 laoc-

60 2629 148 2692 uicis.
200 2628 257 2692 llis
285 2633 387 2691 autom
414 2633 548 2706 cognata
575 2621 715 2708 κιθάκιιη
741 2633 774 2691 et
800 2625 983 2708 δημακίδιον
1010 2647 1074 2696 uoo
1103 2633 1165 2698 alio

61 2717 169 2791 referri
192 2734 325 2810 possunt
346 2742 436 2806 quarn
458 2724 496 2788 aul
517 2723 614 2800 πίθαξ
634 2730 666 2790 ct
686 2720 785 2807 ὂὴμαξ
805 2725 999 2793 deminutiva.
1040 2729 1107 2805 Quo
1128 2731 1166 2798 de
1293 2783 1295 2788 .

62 2840 175 2904 gauere
195 2826 352 2889 nominum
369 2825 430 2888 hoc
450 2824 581 2904 amplius
602 2823 763 2888 dicendum
791 2832 856 2909 est,
883 2842 991 2891 eorum
1016 2829 1167 2910 triplicem

63 2939 134 2988 esse
156 2925 399 3005 descriptionem
421 2940 478 3004 pro
499 2930 610 2986 natura
637 2923 803 3003 gulturahs
829 2925 861 2987 iu
893 2925 984 3006 qoam
1006 2926 1166 3010 exciduu13

65 3021 123 3086 alia
145 3024 228 3089 euim
250 3039 269 3086 a
289 3023 393 3087 uerbis
415 3021 582 3086 derivatam
603 3021 718 3085 habeut
738 3029 771 3086 ot
798 3016 924 3106 ἁρπάζω
949 3019 1066 3106 ἅρπαξ,
1096 3028 1166 3094 aliis

65 3123 260 3186 extrinsecus
281 3122 416 3185 accrevit
437 3127 471 3183 ut
491 3112 552 3202 ῥέω
572 3113 666 3200 poci,
695 3126 726 3184 ct
753 3127 803 3186 ost
824 3123 946 3186 tertium
965 3139 1063 3204 genus
1085 3129 1167 3208 quod

64 3219 210 3297 judicium
233 3219 442 3301 cognoscendi
471 3220 570 3283 aufert
597 3221 670 3300 quia
696 3220 771 3285 nihil
798 3221 878 3286 ultra
905 3238 942 3286 sc
969 3222 1062 3288 habet
1087 3227 1167 3291 unde

66 3321 163 3399 repeti
183 3320 299 3403 possit,
319 3319 403 3383 uelut
424 3313 511 3401 ἅβαξ,
532 3314 1168 3408 βάραξ(πιὲραξ)θρι1ναξ(1)ιοὴιιι)8ρ1-

66 3491 357 3506 ᾕ--ι--ι-ι

133 3599 176 3668 16)
201 3599 248 3654 Pro
266 3599 442 3658 Hermocreou
461 3598 518 3654 Cic.
541 3598 574 3655 de
592 3599 796 3666 lnv.1.3o,5o.
816 3599 883 3670 apud
897 3574 1061 3658 Victorinum·
1072 3606 1169 3662 rectius

70 3681 186 3738 scribitur
204 3684 390 3739 Hermocrcou.

134 3783 177 3850 lu)
196 3782 271 3838 Idem
289 3789 330 3838 est
346 3786 373 3837 iu
391 3783 535 3854 epigraphe
549 3781 632 3851 Epist.
649 3783 687 3840 18.
702 3785 729 3838 et
744 3783 783 3839 19.
801 3781 870 3837 uude
888 3780 1036 3838 bleinehius
1054 3786 1080 3838 iu
1096 3783 1169 3843 Com.

72 3859 267 3923 hellibico.
292 3869 454 3920 neocaesar
474 3867 555 3934 albert,
577 3867 739 3922 correctione
758 3867 838 3919 tacita
855 3869 882 3918 ut
898 3864 1009 3921 uidetur.
1040 3868 1170 3924 Dominu-

75 3943 117 3998 tivi
138 3950 189 4003 uim
213 3948 293 4005 hahet
311 3949 474 4020 Κικεράκιοα
491 3966 507 4006 a
524 3949 623 4006 Caleno
646 3948 734 4003 sactum
757 3951 784 4004 iu
808 3950 940 4005 luvectiva
964 3951 991 4005 iu
1016 3950 1171 4008 Ciceronem

75 4023 147 4086 Dico·
164 4031 238 4088 Coos.
253 4031 338 4089 xovl.
354 4035 393 4091 18.
413 4025 434 4086 ὦ
453 4036 577 4106 Κικέρων
596 4030 610 4098 ἢ
627 4033 791 4103 Κικέρκοαλε
808 4029 823 4098 ἢ
841 4030 988 4102 Κικεράιιιε
1005 4033 1020 4100 ἢ
1039 4039 1170 4108 metatos

77 4107 142 4173 (lori.
159 4117 299 4186 Κικίριχε)
321 4114 335 4182 ἢ
355 4117 511 4186 spalmeta.
