2772 4992
193 207 265 277 Μ
540 203 867 270 ulssuu'taule
896 203 971 272 vili

196 370 321 454 (omiss.
348 370 381 434 in
408 369 477 452 llo.)
504 367 664 434 Positioue
691 369 816 451 longam
842 370 1041 452 penultimam
1070 371 1172 436 nabot
1204 389 1322 436 nomen

196 469 350 554 plebeium
379 485 397 531 a
422 467 533 535 Plotio
560 476 760 534 memoratum
788 463 952 552 Σάβυττος
976 504 1020 516 -
1051 465 1090 534 τὸ
1117 476 1321 550 mornaco,

197 561 259 634 ἀπὸ
286 567 345 635 τοῦ
372 561 537 632 acinacem
563 563 616 630 ναι
640 563 790 650 ῥύεσθαι,
819 574 851 633 ei
871 569 977 649 paullo
1000 575 1075 651 post
1097 564 1266 653 Σάραβον
1283 561 1321 632 τὸ

197 671 374 751 γυναικεῖον
399 663 430 728 ot
449 662 580 750 κωμικοὶ
607 667 739 730 καλοῦσι
765 664 820 732 καὶ
840 663 958 732 σάκταν
978 665 1030 732 καὶ
1052 663 1224 751 σάβντταν
1247 671 1323 748 (sic)

199 766 256 836 sed
276 773 379 845 etymo
402 771 495 830 curet.
538 764 575 830 Et
597 763 673 828 Cres
695 765 817 848 quidam
838 773 912 842 ταῖς
932 761 951 832 ὁ
974 763 1143 832 Ποιύττου
1156 768 1262 832 Antlu
1274 768 1323 830 lli.

198 865 322 935 ιι..126.
343 862 400 928 sed
421 861 592 928 Bruuclrius
614 871 645 927 et
667 865 717 929 alii
739 883 778 930 en
799 882 906 948 apogr.
925 865 1010 947 Lips.
1028 861 1212 948 lloiriypov
1227 883 1325 946 prae-

200 967 309 1048 ierunt,
340 962 424 1046 quod
450 979 489 1026 en
519 957 705 1042 Ποινγόνου
732 971 924 1030 contractum
952 971 1061 1045 putant
1088 965 1146 1048 (ut
1174 960 1325 1046 νεογνός,

199 1062 320 1146 δίφρος,
341 1055 490 1144 μεσόδμῃ)
512 1077 569 1126 noc
588 1059 681 1139 longe
703 1061 798 1127 distat
822 1058 997 1127 llotdttcv.
1027 1065 1170 1128 Atticum
1196 1064 1327 1146 quidem

200 1177 313 1235 nomon
337 1161 501 1224 Ποιυτίοιν
520 1158 695 1224 Pherecrat.
718 1161 843 1244 ypsilou
865 1162 959 1226 breve
980 1161 1074 1226 luabct
1095 1179 1157 1226 neo
1185 1164 1329 1244 simplex

202 1259 321 1326 videtur
348 1265 382 1321 ιιι
399 1251 571 1336 Ὀρνυτίων
590 1257 682 1324 l'aus.
702 1259 738 1326 ll
759 1261 788 1346 t,
809 1261 838 1326 3.
860 1256 1083 1341 alvernos,
1109 1255 1265 1343 Ἰφιτίων
1286 1263 1326 1324 ab

193 1355 320 1442 Ἴφιτος,
341 1351 426 1440 παρὰ
446 1351 482 1420 τὸ
501 1348 595 1436 εὐρύς
616 1352 760 1438 Εὔρυτος
781 1353 948 1440 Εὐρυτίων
966 1360 1033 1424 Eli
1051 1359 1124 1440 396,
1141 1361 1199 1426 51.
1224 1363 1327 1424 aSo·

203 1464 306 1525 matos
327 1456 493 1520 Socration
507 1454 615 1519 Catuli.
633 1472 658 1519 o.
672 1455 787 1521 XLVII.
808 1458 847 1522 ab
865 1453 1008 1540 Ἱππότης
1021 1453 1204 1536 Ἱπποτίων,
1216 1462 1247 1500 ¹⁶
1270 1459 1327 1522 sed

204 1556 409 1638 compositum
429 1561 463 1618 ut
480 1546 673 1635 Ἀνδροτίων.
707 1555 864 1620 Feminina
878 1559 994 1638 primae
1008 1555 1237 1622 declinationis
1252 1565 1329 1622 sunt

203 1654 361 1720 mulierum
383 1654 507 1716 nomina
536 1669 555 1716 a
581 1653 759 1718 masculinis
782 1652 934 1719 declinata
950 1647 1072 1737 Ἀνύτη,
1096 1653 1232 1739 Πινύτη
1245 1657 1274 1696 ¹⁷
1297 1664 1328 1720 et

204 1754 323 1818 orbium
341 1745 459 1834 Ἀφύτη
482 1747 502 1834 ἢ
511 1747 641 1834 Ἅφντις
653 1748 707 1816 καὶ
722 1745 868 1835 Ἀφύτεια
881 1747 943 1817 ν’.τὸ
954 1748 1091 1836 Ἀφύτον
1102 1749 1193 1828 τινός
1210 1755 1325 1837 Steph.

211 1847 333 1934 ίίοσύτη
360 1851 518 1936 Umbriae,
547 1851 658 1933 quibus
686 1850 889 1934 adjungantur
915 1849 1080 1934 Λιρνύτεια
1102 1854 1327 1936 Pamphyliae,

206 1945 333 2031 Βὲρντιρ
354 1944 468 2033 τρωικὴ
495 1945 598 2029 πόλις,
629 1945 768 2024 Κάνντις
795 1953 920 2036 Syriae,
949 1948 1098 2034 Ζήβυττις
1124 1953 1252 2033 Libyae
1284 1989 1327 1999 -

197 2046 324 2133 Ἆμντις
348 2051 461 2116 Xerxis
490 2047 552 2112 lilia
579 2049 700 2113 Ctesias
725 2050 814 2114 Pluot.
842 2068 871 2131 p.
893 2053 942 2116 57.
969 2053 1073 2116 Tzetz.
1103 2053 1181 2116 Cluil
1217 2055 1240 2118 l.
1270 2053 1324 2118 96.

208 2169 286 2232 purae
304 2143 443 2222 ’Λνοῦτις
465 2147 571 2212 dicitur
587 2147 793 2212 circumducta
802 2150 970 2230 penultima
983 2151 1090 2215 Atloen
1105 2151 1185 2216 Xlll
1201 2152 1278 2217 609.
1287 2157 1325 2216 A.

209 2255 243 2310 ut
264 2248 391 2321 Χείῦτις
417 2248 534 2312 Dianae
556 2248 722 2328 epitheton.
765 2248 962 2330 appellativa
982 2250 1065 2315 nulla
1087 2256 1160 2314 sunt
1189 2260 1326 2330 praeter

208 2346 333 2412 verbale
355 2339 435 2428 ἀϋτή
458 2347 496 2410 ab
518 2339 587 2409 ollio
609 2352 642 2409 ut
663 2339 741 2428 ἀάτη
762 2347 801 2410 ab
819 2340 903 2426 otae,
931 2366 1000 2412 nam
1018 2345 1130 2431 πινυτή
1152 2350 1193 2412 iis
1218 2350 1325 2414 adnu-

208 2447 320 2510 merari
341 2453 445 2526 potest
466 2462 543 2527 quae
566 2461 603 2508 ex
626 2444 787 2524 adjectivis
806 2446 890 2509 lacta
911 2455 982 2512 sunt
997 2449 1193 2512 substantiva
1209 2468 1240 2514 v.
1257 2451 1327 2514 Pa-

138 2551 142 2562 ·
208 2544 275 2610 rull.
296 2544 365 2610 360.
400 2544 459 2610 Ριο
483 2539 617 2628 Κορύτει
636 2546 674 2626 τῇ
695 2545 815 2628 κεφαλῇ
827 2546 901 2610 llas.
917 2547 1062 2612 llusurus
1077 2546 1172 2612 edidit
1184 2545 1324 2634 κορύτῃ,

279 2859 324 2926 to)
341 2858 398 2914 llcc
416 2863 502 2912 tamen
520 2857 668 2926 ambiguum
687 2864 727 2914 est
744 2859 855 2928 simplex
872 2861 906 2914 sit
923 2873 954 2912 an
974 2860 1146 2926 compositum
1165 2867 1196 2914 ut
1209 2861 1324 2932 Ἀνδρο-

211 2944 288 3002 τιων,
305 2941 451 3000 mulcator,
470 2941 518 2999 sed
533 2942 677 3012 Ἀρχετίων
695 2943 769 2998 Dein.
790 2958 813 2996 e.
833 2943 895 2996 llid.
913 2943 978 3009 558,
1004 2943 1046 2997 21.
1074 2943 1106 2996 all
1129 2944 1262 3012 Ἀρχέτρς
1282 2952 1323 3010 (ul

208 3025 340 3092 Ἀλκέτην)
360 3025 515 3079 declinatum
534 3024 659 3093 dixerim3
679 3024 817 3081 Archetius
834 3027 904 3092 virg.
922 3026 989 3080 Aen.
1006 3025 1062 3078 Xll.
1080 3027 1141 3081 459.
1160 3026 1252 3082 Rutuli
1271 3044 1323 3083 no-

213 3123 273 3170 men
293 3107 402 3162 lortasse
420 3107 555 3162 barbarum
574 3111 656 3177 magis
672 3123 747 3180 quam
773 3123 911 3175 praecunia
937 3109 1083 3176 Aegyptius
1108 3110 1223 3178 quidam·
1244 3114 1321 3163 Φιλι-

213 3194 278 3243 τίων
294 3191 391 3246 Herod,
411 3191 444 3246 ll.
466 3191 521 3250 128.
543 3195 618 3258 cujus
636 3193 763 3261 scriptura
787 3194 813 3244 in
835 3191 912 3244 codd.
933 3194 1031 3257 variat3
1056 3193 1079 3245 si
1098 3191 1220 3249 Graecos
1241 3203 1320 3263 esset,

214 3275 363 3326 Φιιιοτίων
382 3275 533 3343 scriberem,
550 3276 593 3331 vel
613 3277 751 3340 Φιιρτίων
770 3274 847 3344 Corp.
867 3275 946 3328 lnscr.
969 3288 995 3329 o.
1014 3275 1074 3331 898.
1094 3290 1110 3329 a
1129 3277 1265 3342 Φιλὴτης.

281 3377 326 3443 17)
346 3376 402 3430 Ηοο
420 3373 582 3430 llerodianus
600 3379 678 3443 acuit,
697 3375 806 3430 tortasse
827 3375 859 3428 olo
877 3375 1046 3428 masculinum
1059 3373 1177 3432 Πινυτός
1190 3391 1216 3429 v.
1232 3377 1320 3434 Laius.
1377 3369 1378 3434 t

215 3459 355 3514 Allelurclt.
372 3460 430 3516 292.
449 3459 576 3514 Arcadius
592 3457 695 3522 Πινντή
711 3458 741 3510 τὸ
761 3457 898 3518 induerer,
916 3455 1016 3521 Πινντή
1035 3456 1064 3508 δὲ
1083 3457 1113 3509 τὸ
1138 3457 1255 3527 κύριον,
1279 3461 1321 3514 ubi
1377 3437 1378 3518 Ῐ

215 3537 241 3597 ιἰι
262 3543 321 3597 cod.
340 3540 440 3605 ίίινύτη
459 3541 488 3593 di
507 3546 696 3610 scriptumest,
716 3548 744 3595 ut
761 3543 865 3596 nescias
883 3547 967 3595 utrum
984 3541 1028 3594 luic
1047 3557 1062 3596 a
1079 3546 1213 3607 sententia
1232 3547 1318 3612 magi·

215 3629 260 3681 stri
280 3627 431 3681 discesserit
447 3639 477 3678 an
496 3627 535 3679 sic
555 3627 689 3694 scripserit
705 3623 800 3688 πινύτη
819 3624 848 3676 di
866 3624 896 3676 τὸ
914 3623 1120 3695 apopempaeo,
1135 3623 1165 3676 τὸ
1180 3624 1212 3676 δὲ
1225 3625 1319 3698 κύριον
1377 3625 1378 3667 l

214 3708 324 3774 Πινοτή.
359 3707 551 3777 appellativum
577 3710 713 3764 nonnullos
732 3723 854 3776 gravasse
872 3714 981 3764 testatur
996 3707 1085 3762 Schol.
1104 3708 1137 3761 Α.
1157 3709 1192 3762 ad
1210 3710 1243 3764 ll.
1266 3712 1318 3766 vll.

215 3797 274 3853 289.
293 3795 372 3861 vulgo
391 3794 491 3846 aeuitur
510 3797 554 3845 aut
571 3793 633 3860 quia
650 3797 740 3846 natura
760 3791 917 3857 adjectivum
936 3798 977 3848 est
994 3797 1038 3845 aut
1056 3793 1117 3860 quia
1131 3791 1250 3854 ιπινύιο
1271 3793 1319 3848 de-

215 3883 324 3937 rivatum
352 3883 380 3932 ut
404 3873 494 3937 τελετή
521 3880 548 3931 οι
572 3872 664 3942 βιοτή,
690 3889 837 3944 quanquam
861 3875 938 3942 lruJ‘us
961 3877 1039 3931 etiam
1058 3876 1231 3930 masculinum
1251 3883 1319 3931 extat

215 3968 312 4032 βίοτος.
346 3962 451 4018 Praeter
467 3957 544 4026 βιοτή
563 3965 589 4015 ei
605 3957 701 4023 πινυτή
718 3961 744 4012 in
762 3974 811 4013 usu
829 3965 887 4014 sunt
903 3957 994 4026 βιότης
1011 3965 1038 4014 et
1054 3957 1180 4024 πινυτῆς,
1205 3959 1256 4015 sed
1280 3961 1317 4013 lis

212 4046 374 4103 simillimum
391 4041 473 4108 ποιῇς
487 4045 561 4112 potio
580 4041 703 4096 lerninino
724 4048 809 4110 caret3
827 4057 885 4096 nam
902 4039 984 4100 νότος
1000 4043 1077 4098 modo
1095 4045 1233 4111 reperitur.
1278 4079 1282 4107 .
