2768 4994
232 215 301 286 tot
568 211 897 284 nlssnltrurro
924 213 961 280 X„

235 381 368 464 φυλλίδα
395 380 451 464 τῆς
477 375 667 463 deminui*
694 377 746 442 noi
774 393 836 442 non
865 381 969 444 teneda
996 381 1087 463 lolia,
1124 389 1161 446 ut
1196 383 1362 465 interpret

237 479 368 546 reddidit
388 479 445 546 sed
466 481 645 563 simpliciter
667 477 742 542 lolia
761 476 944 558 indicantur,
965 479 1168 544 Needlnamns
1202 500 1280 548 non
1307 489 1362 556 sini

238 581 359 646 ratione
389 577 532 660 φυλλάδα
561 583 724 662 praeoptat
746 583 779 639 ut
799 573 952 658 φυλλάδος
970 580 1084 661 μίνθης
1105 580 1180 644 Νἰο.
1215 582 1273 644 Al.
1303 585 1362 652 3rt

240 695 315 746 esca
337 695 410 744 rere
433 681 555 744 foliacia
575 687 672 742 utrum
693 675 932 758 esturmenta
952 679 992 742 sit
1013 695 1053 742 an
1073 676 1227 761 φυλλάς,
1254 681 1290 744 id
1316 701 1362 766 ne

240 795 300 860 que
322 795 360 842 ex
382 779 564 844 testimoniis
581 775 715 858 indicari
736 781 856 858 polest,
884 793 963 858 qnae
989 778 1221 858 tunicamque
1245 789 1362 861 parton

242 877 306 942 tere
327 885 397 942 suot
415 879 518 960 naria,
539 891 638 956 neque
659 890 698 938 er
721 881 831 938 natura
851 877 906 958 rei,
926 891 1016 956 quam
1037 891 1129 938 nemo
1151 878 1255 942 vidit.
1308 881 1362 944 Po

242 983 358 1040 strenuo
379 971 496 1055 φωλάς,
517 973 600 1057 qood
619 980 722 1052 etymo
744 979 840 1056 caret,
860 974 939 1040 olias
960 972 1146 1054 adjectivum
1168 984 1232 1040 cst
1256 975 1362 1062 ‹pmtdq

241 1067 337 1152 :irco
359 1073 458 1140 Nono.
480 1083 511 1140 et
528 1075 636 1156 φωλδς
656 1067 768 1150 ἄοκνος
790 1071 919 1137 Theocr.
945 1071 1023 1136 alias
1051 1075 1202 1138 conchae
1238 1095 1362 1144 nomen

243 1171 342 1254 φωλλς
368 1188 443 1237 vero
466 1174 563 1254 piscis
584 1170 739 1238 sedidem
761 1169 853 1236 nodie
868 1170 986 1252 plotus
997 1169 1108 1234 dcitur
1122 1191 1153 1237 r.
1166 1175 1362 1240 Schneider

245 1271 284 1338 ad
306 1271 434 1336 Aristot.
457 1271 489 1336 T.
511 1271 558 1338 lll.
581 1269 651 1336 203.
674 1285 711 1332 ec
730 1269 837 1334 nescio
856 1286 896 1334 an
921 1270 954 1332 in
973 1267 1120 1348 llesqclrii
1141 1273 1270 1352 glossa
1298 1281 1362 1340 otm-

243 1368 346 1442 λαΐδος
366 1361 534 1448 ὀστράκινα
554 1376 683 1450 utroquo
705 1365 886 1432 conduxerit
907 1369 1058 1450 scriptura
1079 1367 1235 1451 φωλάδες
1252 1383 1287 1438 οι
1303 1399 1362 1458 qno<

244 1467 331 1542 λλδος.
343 1465 372 1508 ³⁰
412 1467 522 1532 Verum
540 1471 605 1548 jem
626 1467 704 1532 satis
725 1473 854 1547 apparet
874 1469 955 1532 inter
975 1475 1133 1549 utramque
1155 1476 1362 1539 terminatio-

247 1581 316 1630 nem
342 1565 436 1632 modo
461 1566 582 1632 diderre
608 1562 722 1646 aliquid
743 1563 834 1629 modo
855 1566 945 1645 nillil;
976 1574 1076 1630 utrum
1105 1575 1218 1634 antem
1252 1573 1362 1640 Graeci

247 1665 364 1746 antiqui
397 1665 489 1746 nujus
524 1663 752 1746 inaequalitatis
784 1671 929 1730 auctores
963 1667 1076 1729 luerint
1102 1683 1144 1731 an
1172 1667 1309 1736 librarii
1337 1681 1362 1738 el

247 1771 409 1848 quatenns,
431 1764 530 1828 adino
545 1763 700 1846 explorari
715 1779 778 1828 non
789 1765 898 1843 potnit.
930 1764 964 1828 ln
979 1767 1097 1828 nostris
1111 1767 1248 1847 quidem
1263 1772 1362 1856 libris,

248 1862 315 1928 sire
337 1862 524 1930 dissentiunt
544 1864 611 1928 sive
632 1863 822 1950 conspirant,
844 1863 1037 1926 auctoritatis
1051 1882 1160 1944 parum
1176 1868 1224 1930 oli
1239 1871 1362 1938 facilem

248 1961 401 2026 vocalium
422 1963 444 2026 ei
465 1969 496 2028 el
515 1971 531 2026 ῖ
553 1963 766 2026 confusionem
794 1969 826 2027 et
853 1962 924 2042 qnia
945 1963 1104 2043 utriusque
1124 1969 1362 2034 terminationis

248 2061 281 2126 in
302 2061 477 2126 universnm
506 2078 604 2142 panca
631 2067 736 2124 extant
765 2059 905 2140 exempla
927 2077 1024 2140 caque
1047 2063 1214 2128 maximam
1238 2078 1362 2150 partem

243 2174 270 2238 ¹tt
291 2161 393 2239 poetis
416 2161 555 2241 proiecta
577 2167 629 2224 aul
650 2178 669 2223 a
689 2158 931 2239 Glossograplris
950 2166 1039 2223 extra
1061 2159 1202 2226 ordinem
1223 2175 1258 2228 et
1280 2185 1359 2232 cou-

251 2263 366 2322 tertum
394 2259 502 2341 allata,
530 2259 677 2340 pleraque
698 2259 888 2340 utensilium,
909 2257 1147 2340 esculentorum,
1169 2261 1357 2348 plantarum,

249 2357 446 2422 animantium
472 2357 632 2422 vocabula.
661 2393 702 2404 --
728 2361 756 2424 A
782 2357 956 2420 nominihus
991 2359 1099 2420 tertiae
1133 2357 1356 2429 declinationis

250 2453 389 2520 derivata
408 2449 503 2539 ἡφιολς
524 2463 555 2520 et
576 2448 681 2540 ἥρωάς
700 2457 733 2520 in
762 2457 915 2522 Corinnae
941 2472 1051 2538 versu,
1077 2453 1233 2540 Δημήτηρ
1262 2455 1356 2539 dieite

249 2549 304 2616 aad
327 2545 430 2629 ἀλωάς
455 2550 571 2638 λέγεται
600 2555 703 2622 Sclrol.
726 2556 854 2622 Theocr.
882 2555 943 2618 Vll.
974 2554 1042 2620 155.
1070 2572 1200 2635 quorum
1231 2565 1353 2645 utrique

252 2651 340 2717 oodd.
363 2653 474 2718 adsunt
493 2655 549 2720 sed
571 2661 680 2718 auctor
699 2655 779 2718 alius
801 2655 919 2734 nullus3
941 2654 1055 2734 pariter
1074 2654 1239 2736 ambigitur
1260 2664 1354 2743 Τρωί-

252 2750 301 2825 δος
328 2759 359 2816 et
391 2748 533 2834 Τρωάδος
554 2753 585 2818 ll.
608 2753 668 2818 vlt
689 2753 759 2819 297.
781 2754 910 2830 πλωίδες
937 2761 968 2817 et
988 2749 1125 2827 ιιλωάδες
1145 2773 1174 2820 ι.
1196 2758 1351 2838 Spitzncr.

253 2849 381 2916 Observ.
405 2853 615 2934 adonicum
646 2852 714 2918 131.
749 2850 893 2934 Τριχάδος
924 2851 1063 2935 (pisculi)
1091 2869 1198 2920 omncs
1231 2865 1350 2926 tuentur

253 2950 342 3016 codd.
363 2951 440 3018 Poll.
461 2952 496 3016 ll.
518 2951 566 3016 tl.
595 2949 651 3016 scd
671 2952 723 3016 vir
744 2951 890 3016 credibile
912 2959 961 3016 cst
981 2952 1019 3015 ali
1041 2953 1156 3015 usitata
1177 2955 1277 3022 torma
1298 2979 1349 3026 re-

252 3063 375 3114 cessum
403 3066 484 3114 essc.
522 3041 635 3131 Ὀοχὰς
661 3045 747 3114 ἐλαία
775 3049 903 3116 Nicand.
926 3051 1080 3116 alaricis
1104 3051 1218 3116 orclas
1241 3057 1348 3124 dicitur

253 3153 282 3212 et
304 3147 408 3214 credie
436 3163 549 3228 genere
579 3148 720 3228 ambiguo
744 3151 822 3214 sient
842 3149 939 3214 derha
960 3143 978 3212 ὁ
999 3145 1082 3232 ὄρχος
1104 3157 1135 3213 et
1155 3161 1271 3218 mutato
1294 3179 1345 3240 pcc

252 3245 381 3324 synesin
406 3261 519 3326 genere
545 3238 565 3328 ἡ
594 3241 678 3330 ὄρχος
704 3249 759 3331 τῆς
779 3243 906 3330 ὅρχεως,
935 3266 1030 3328 quare
1058 3264 1123 3312 non
1150 3248 1344 3319 derivativum

251 3343 372 3408 ridetur
393 3351 426 3410 ut
447 3337 548 3426 ὀςχάς,
571 3341 674 3426 dextris
696 3353 726 3410 el
747 3340 874 3430 ὀρχῑτις,
905 3347 961 3411 sed
982 3348 1164 3428 primitivum
1187 3367 1244 3429 pro
1267 3353 1343 3418 deri-

252 3451 325 3510 vato
354 3450 386 3507 ut
415 3443 475 3506 alra
503 3442 674 3524 plantarum
704 3447 828 3510 nomina
848 3441 935 3530 ὄφις,
965 3443 1061 3510 κύων.
1108 3446 1170 3510 Ριο
1193 3449 1342 3530 Κοραοτάς

244 3541 335 3624 quod
357 3549 406 3606 est
428 3541 520 3622 Cypri
541 3558 654 3608 nomen
675 3544 774 3610 Nono.
796 3543 873 3610 Xlll.
893 3545 964 3610 441.
985 3544 1121 3610 Graeiius
1136 3563 1175 3609 er
1188 3548 1256 3614 aliis
1269 3552 1338 3616 locis

318 3793 364 3859 29)
378 3792 449 3846 Sarni
462 3791 564 3848 insulae
579 3806 674 3847 nomen
690 3792 821 3862 antiquum
836 3793 883 3848 luit
896 3794 996 3852 Φυλλίς
1009 3793 1334 3854 ιοΙΦυλλάςι.Τιςς1ςηςς.

253 3877 285 3932 ad
302 3875 386 3930 Sirab.
405 3876 446 3932 ol.
467 3880 493 3931 ei
508 3873 718 3943 Μελάμφυλλος.
858 3938 861 3943 ι

318 3961 364 4028 30]
382 3960 412 4018 lu
430 3958 496 4014 tlist.
515 3957 580 4014 Ann.
599 3958 642 4012 lll.
659 3960 702 4016 37.
720 3975 747 4028 p.
768 3961 827 4028 621,
843 3961 869 4016 8.
888 3975 935 4028 pro
946 3957 1041 4016 'deliro
1060 3961 1162 4030 φωλίδι
1178 3964 1274 4031 plurimi
1285 3965 1332 4018 lliri

252 4045 379 4114 praebent
398 4040 506 4111 φολίδα
526 4043 636 4100 tortasse
653 4057 701 4112 per
719 4044 874 4101 metathesin
893 4059 926 4100 er
944 4043 1053 4114 φωλάδι
1073 4045 1245 4114 depravatum.
