2758 4994
144 262 197 328 DE
217 263 433 334 NOMINIBUS
452 263 495 330 IN
514 267 538 328 ’ν’
557 261 817 332 EXEUNTIBUS.
840 265 871 331 C.
885 267 933 332 VI.
955 275 984 343 §-
1005 270 1033 336 2.
1076 273 1145 344 238

32 430 85 492 cia
108 443 182 492 esse
203 444 262 508 pro.
282 423 422 512 dtaodcap
446 435 478 494 et
504 422 699 512 ύόατοσύνῃ,
723 433 788 509 tam
805 429 849 496 ad
869 432 917 513 hi.
940 451 970 515 p.
989 436 1060 504 486.
1081 439 1145 506 dixi

30 528 108 591 mihi
131 527 243 592 falsum
264 527 377 608 videri,
397 544 498 609 noque
518 528 694 594 Doederlini
716 530 886 602 auctoritas
908 532 1024 611 synon.
1048 538 1143 608 1111,

30 626 83 692 85.
107 625 148 690 de
168 627 326 691 sententia
345 643 394 691 me
415 625 539 692 deducit
557 627 724 708 potiusque
744 629 900 692 assentiar
911 631 1026 700 vossio
1043 655 1143 703 voca-

29 725 109 788 bula
130 726 194 790 ista
215 741 284 792 cnm
303 720 384 808 ύδνῃ
404 724 436 788 id
458 732 506 790 est
522 719 648 806 ἔγγονος
660 727 834 806 composita
849 730 1045 817 existimanti,
1061 737 1144 817 quod

32 843 105 890 curn
125 820 198 900 υἱός
219 831 250 889 et
270 817 343 906 pain
366 829 530 904 cognatum
551 823 679 888 videtur.
722 825 876 908 Deinceps
906 828 976 894 inde
1003 836 1144 917 exempla

29 925 256 990 increbescunt
277 921 334 986 sed
354 938 547 1002 nequaquam
574 923 642 1004 pari
671 939 739 987 curn
766 925 970 994 substantivis
996 931 1144 1013 trequen-

34 1025 92 1088 tia:
117 1017 311 1096 decadonem
330 1021 363 1085 in
374 1020 410 1084 H.
424 1021 459 1085 IL
473 1021 506 1084 in
522 1021 589 1084 Cer.
612 1013 816 1104 εὐφροσύνας
830 1025 964 1106 Theogn.
986 1035 1017 1092 et
1039 1038 1144 1100 cetera

33 1123 184 1202 superius
207 1125 394 1186 enumerata.
431 1117 498 1194 Quo
520 1117 591 1183 loco
614 1123 808 1200 praetermisi
829 1123 869 1188 oh
886 1125 1036 1205 quandam
1051 1129 1142 1197 dubi-

35 1222 188 1284 tationem
215 1212 433 1292 ἀααυλόσννος
459 1219 492 1282 in
517 1217 674 1283 Leonidae
699 1219 804 1301 Epigr.
829 1223 921 1288 Anth.
942 1225 991 1292 Vi.
1019 1244 1048 1293 n.
1070 1229 1141 1296 221.

34 1319 86 1382 nbi
101 1319 154 1384 leo
171 1325 316 1384 narratur
331 1317 483 1397 tugurium
497 1317 658 1397 ingressus
674 1317 810 1384 intactos
826 1320 1144 1404 reliquisseincoias:

118 1453 162 1466 -
183 1453 226 1464 -
246 1410 394 1480 αίνσὶὲων
412 1411 623 1496 κεκακωμένος
642 1408 746 1497 ἀθρόα
763 1420 839 1498 μυῖα

181 1504 262 1599 ἦνθε
281 1508 501 1598 pampano
520 1504 612 1580 αὖλιν
628 1510 659 1589 ἐς
680 1511 858 1596 αἰγινόμον.

118 1616 152 1680 οἳ
173 1609 205 1680 δ’
230 1607 289 1680 οὐκ
308 1607 382 1696 ἆμσῖ
405 1612 503 1694 αἰγῶν
522 1608 718 1696 μεμελημένοα
735 1607 812 1678 ἀλλὰ
832 1613 901 1700 περὶ
919 1614 1027 1703 σφέων
1112 1671 1113 1674 ,
1140 1617 1142 1622 ’

184 1714 268 1780 εἴατο
288 1714 412 1795 σωτῆρα
434 1703 507 1795 Ζῆν’
530 1706 761 1794 &mamad-dumea

119 1817 211 1897 χεῖμα
231 1808 265 1876 δὲ
282 1806 347 1896 θὴρ
367 1809 472 1894 μείνας
491 1803 557 1894 θὴρ
576 1806 701 1886 odoros
721 1809 792 1876 οὔτε
811 1807 866 1878 τιν’
888 1809 1034 1898 ἀνδρῶν7

184 1907 257 1978 οὔτε
276 1911 378 1995 βοτῶν
398 1905 520 1992 βλάψας
539 1903 621 1996 ᾤχετ’
644 1903 869 1986 ἄκανλόσυνος.

42 2011 91 2076 Sic
118 2011 287 2076 Jacohsius
315 2027 354 2074 en
379 2010 464 2074 Plan.
486 2008 580 2077 edidit
612 2027 668 2090 pro
697 2005 916 2086 ἐναυλόσυνος.
960 2015 1033 2080 Mihi
1065 2034 1141 2082 uero

41 2119 181 2176 neutrum
203 2115 376 2174 ceterorum
403 2109 494 2188 hujus
521 2115 614 2173 notae
643 2108 863 2189 adjectivorum
891 2112 991 2176 simile
1015 2114 1144 2200 uidetur,

42 2224 141 2292 neque
155 2203 372 2286 ἀαοικὸσυνος,
386 2201 623 2290 ύκοόῃμόσννος
636 2208 686 2272 uei
700 2209 761 2273 tale
775 2209 889 2290 aliquid
904 2210 1030 2290 probari
1047 2231 1145 2294 posse

43 2310 185 2376 arbitror.
207 2308 303 2384 Quam
316 2307 525 2389 suspicionem
540 2305 672 2387 adauget
686 2308 889 2372 correctionis
903 2310 1053 2391 facilitas3
1074 2329 1145 2378 nam

44 2415 72 2470 et
92 2409 141 2472 sic
163 2406 258 2472 scriid
278 2411 385 2487 potest
405 2392 486 2491 ᾤχετ’
509 2400 647 2480 danaim
668 2401 740 2489 ὅρος
767 2413 801 2472 ut
826 2408 858 2471 in
888 2408 1052 2480 Simonidis
1075 2413 1146 2493 epi-

43 2513 212 2584 grammate
232 2503 314 2586 qaod
335 2503 387 2569 ille
407 2503 552 2572 imitando
574 2507 730 2588 expressit
748 2507 796 2571 Vl.
817 2506 886 2572 217.
908 2499 1061 2589 ὑλονόμος
1079 2505 1146 2593 θὴρ

47 2637 80 2651 -
104 2597 151 2668 ἄν’
180 2597 276 2686 ritino
299 2597 385 2677 ὠκὺς
412 2602 523 2668 ἴθυνεν
548 2599 622 2686 ὅρος
653 2611 700 2688 et,
736 2606 763 2672 si
791 2603 863 2686 quid
890 2607 1011 2670 variare
1037 2609 1152 2694 voluit,

47 2697 135 2788 ᾤχεθ’
168 2695 416 2780 ὁκουλύσινος,
449 2701 533 2782 qaod
564 2704 602 2772 ab
628 2698 840 2779 ἐααυλύσυνος
864 2705 1018 2770 minimum
1051 2707 1148 2774 distm

47 2805 279 2881 sententiaeque
299 2800 420 2883 pondus
442 2801 525 2872 addit
553 2803 751 2886 oppositione
778 2804 1003 2870 contrariorum
1024 2823 1146 2874 nocea-

49 2903 174 2965 tissimo
195 2899 300 2964 desito
321 2903 429 2972 nocuit
450 2901 537 2966 catti.

126 3041 158 3109 §.
180 3033 209 3096 2.
252 3032 459 3096 Substantivis
486 3031 661 3116 homericis,
689 3051 767 3115 quae
789 3039 880 3098 antea
901 3035 1147 3118 commemorari,

50 3132 202 3197 Hesiodus
231 3129 345 3211 adjecit
365 3125 539 3213 ἆδροσύνῃ,
569 3127 735 3216 ἰδμοσύνῃ,
756 3127 934 3214 λῃσμοσύνῃ
956 3136 986 3193 et
1008 3130 1148 3214 φραδμο·

52 3228 144 3314 σύνῃ,
175 3230 275 3294 Solon
300 3225 502 3312 ῃνωμοσύνῃ,
529 3229 735 3312 Xenophanes
766 3238 796 3295 et
821 3231 946 3312 Sappho
976 3223 1145 3314 ἁβροσύνῃ,

53 3331 205 3411 Theognis
233 3324 415 3412 δικαιοσύνη
446 3335 477 3392 et
503 3325 699 3412 μαργοσύνῃ,
734 3329 937 3393 Archilochus
960 3325 1146 3413 τλημοσύνῃ,

52 3431 203 3511 multaque
234 3428 295 3490 alia
314 3428 469 3508 insequuti
490 3435 602 3509 poetae
621 3421 873 3510 ἀγαλοκτοσύνῃ,
900 3421 1083 3510 ἀγρενοσύνῃ
1105 3428 1148 3510 (si

51 3545 119 3592 vera
137 3533 187 3592 est
202 3525 369 3606 scriptura)
391 3519 596 3608 ἄδελφοσύνη,
618 3521 798 3610 ἀθαοσύνῃ,
821 3519 999 3608 dioscoriam,
1021 3525 1149 3608 αἰσχρο-

53 3626 144 3712 σύνῃ,
174 3618 397 3708 desperandum,
425 3617 681 3708 ἀλαπαδνοσύνῃ,
708 3618 910 3709 ἀλιτροσύνῃ,
940 3619 1147 3708 ἀλυκτοσύνῃ,

114 3879 144 3945 7)
168 3873 309 3930 Jacohsius
332 3888 378 3942 pro
406 3873 460 3944 αῃρ
484 3878 580 3942 μείνας
603 3875 709 3942 corrigit
733 3873 874 3947 θερμήνας
897 3876 960 3930 satis
979 3873 1149 3942 probahiiiter

56 3962 101 4014 nisi
117 3961 209 4014 vitium
228 3957 319 4013 subest
337 3958 459 4024 proximis
478 3957 532 4029 θὴρ
551 3956 656 4015 adactos
679 3972 725 4026 pro
752 3956 906 4016 ὅιανύκτιος
924 3956 965 4024 (ut
983 3955 1147 4026 ἐπινῦκτιος)

58 4042 81 4096 id
98 4049 137 4100 est
156 4041 204 4096 aaa
222 4041 317 4100 νυκτὸς
335 4044 439 4109 μείνας.
470 4039 573 4113 Ἀθρόα
595 4047 662 4113 μαῖα
684 4040 745 4097 vide
768 4053 802 4098 ne
825 4041 852 4094 iu
879 4041 1069 4110 &conparatio
1087 4056 1149 4095 mu·

58 4127 157 4184 tendum
173 4127 218 4181 sit.
