2750 4994
225 271 297 342 tot
572 261 899 332 DISSERTthO
927 263 976 330 tv.

224 443 273 503 est
300 435 332 500 in
358 431 489 500 bissem.
511 430 547 498 11.
569 447 595 496 c.
617 431 665 498 111.
696 435 726 505 §-
755 430 784 492 2.
819 444 883 493 non
910 428 971 492 hae
995 429 1117 494 ratione
1152 437 1225 494 orta
1257 449 1339 498 esse

224 535 369 618 arbitror,
389 547 480 613 quam
501 531 548 592 vir
566 531 708 610 egregins
729 534 839 610 tuetur,
856 527 913 592 sed
927 529 1086 610 simplicia
1113 528 1221 608 ltaque
1236 547 1339 594 uuum

221 635 297 700 illud
318 631 514 713 relinquitur,
535 627 618 710 quod
640 627 755 692 directe
778 625 817 692 ad
834 626 922 691 tldcm
943 633 1081 708 spectat,
1100 629 1244 708 λασῑοος,
1269 648 1338 693 vo-

223 733 366 800 cabulum
387 729 540 794 exoletum
563 732 594 790 et
615 725 744 810 devium,
766 729 854 806 cujus
874 740 937 788 non
956 725 1055 788 cavis
1073 732 1170 790 estut
1187 727 1336 792 Graecos

223 833 349 900 nomina
376 827 478 894 civilia
506 823 708 907 omnibusque
742 827 814 889 trita
834 822 1020 898 Μνασίνους
1046 824 1137 888 Paus.
1159 826 1195 888 ll.
1219 827 1279 910 22,
1302 828 1335 892 6.

223 931 408 1004 Μοννίνοοε
435 924 538 992 Sobel.
558 924 631 1004 Lyc.
652 924 722 990 481.
745 932 803 989 etc.
830 922 869 987 ad
895 922 974 986 banc
1008 923 1136 987 lormam
1163 926 1336 1007 redegisse

223 1039 381 1116 putemus,
417 1039 508 1107 quum
543 1023 726 1103 praesertim
760 1023 869 1086 crebra
900 1022 961 1084 siut
989 1027 1166 1088 attenuatae
1198 1025 1334 1090 ultimae

222 1127 372 1210 exemplu,
400 1121 555 1205 Πελονθος,
569 1116 718 1196 Ἅλκοθος
735 1121 843 1200 Polyb.
863 1119 993 1184 xxvrtl.
1010 1119 1058 1184 16.
1085 1120 1213 1196 Olbianos
1233 1125 1334 1187 Antb.

220 1229 282 1294 Vll.
295 1224 365 1292 tte.
385 1215 530 1294 ἂέλλοπος
551 1221 618 1288 sive
638 1213 785 1293 ἀελλόπος
804 1237 832 1284 r.
846 1218 956 1282 Parall.
971 1218 1040 1283 250.
1059 1219 1091 1283 in
1106 1221 1191 1284 nullo
1214 1229 1326 1288 autern

220 1325 340 1394 vocalis
368 1318 520 1403 producta
547 1318 732 1401 appareat.⁸
772 1316 837 1380 Nec
864 1319 930 1381 veri
956 1318 1054 1382 simile
1085 1327 1135 1384 est
1162 1321 1334 1387 Platonem

220 1423 313 1494 modo
335 1413 454 1503 ἇγχῖνοι
474 1419 652 1500 scripsisse,
674 1414 758 1498 quod
778 1415 935 1480 Belrlrcrus
957 1418 989 1480 in
1011 1417 1134 1483 Theaet.
1154 1437 1185 1500 p.
1204 1419 1277 1486 144.
1292 1423 1332 1484 Α.

221 1541 239 1592 e
260 1521 381 1588 duobus
403 1516 491 1585 codd.
514 1519 640 1600 asciuit,
661 1514 754 1579 modo
776 1507 911 1594 ἀγχίνοι,
934 1514 1017 1596 quod
1037 1515 1116 1580 idem
1136 1519 1168 1582 in
1189 1519 1254 1583 Cir.
1280 1521 1332 1584 Vl.

220 1619 291 1690 503.
316 1618 348 1684 G.
370 1623 401 1683 et
424 1618 456 1682 in
476 1617 564 1682 Phot.
585 1615 662 1681 Bibl.
687 1612 840 1679 ccxxtx.
862 1611 933 1676 432.
956 1615 1079 1696 reliquit
1098 1617 1265 1701 intactum,
1298 1627 1332 1683 ct

220 1720 332 1802 legitur
352 1716 479 1798 saepius
499 1712 625 1780 hristid.
643 1712 695 1778 Or.
711 1711 761 1775 ΙΙΙ.
780 1711 830 1775 27.
848 1717 906 1774 etc.
938 1712 1087 1794 Equidem
1107 1715 1136 1776 si
1155 1717 1332 1791 Μνασίνος

220 1817 416 1902 reperiretur,
429 1830 494 1879 non
507 1812 676 1877 dubitarem
692 1808 874 1889 simplicium
890 1809 921 1872 in
935 1826 1060 1874 numero
1076 1813 1200 1896 reterre,
1222 1814 1330 1880 idem-

220 1933 279 2000 que
297 1914 403 1996 judico
427 1912 465 1979 de
488 1914 652 1994 Κρατῖνος,
674 1907 757 1990 quod
782 1907 885 1972 Sobel.
904 1907 944 1972 ad
956 1908 1046 1974 Dion.
1064 1909 1192 1976 Gramm.
1206 1931 1236 1994 p.
1250 1915 1328 1980 858,

219 2029 413 2102 paronymcn
434 2028 507 2078 esse
529 2009 603 2074 dicit
623 2000 686 2072 ἀπὸ
707 2007 765 2070 τοῦ
785 2000 912 2086 κράτος,
935 2014 966 2070 ct
987 2007 1025 2071 de
1047 2010 1209 2084 Καλλῖνος.
1242 2013 1327 2078 Nam

219 2113 302 2200 quod
318 2112 520 2180 Terentianus
542 2109 670 2189 elegiaci
692 2108 834 2172 carminis
854 2114 1011 2170 auctorem
1028 2107 1198 2172 Callinoum
1218 2121 1327 2196 vocat,

218 2231 282 2282 non
298 2218 346 2279 est
361 2215 570 2292 argumentum
591 2205 671 2272 idem
686 2223 798 2270 nomen
812 2206 919 2269 tuisse.
954 2203 1079 2269 Graecis
1094 2224 1225 2288 namque
1241 2210 1327 2276 hanc

217 2312 373 2382 litantium
394 2305 585 2375 consuetudo
612 2305 694 2370 dedit
721 2312 755 2369 ut
780 2305 935 2369 nominum
956 2306 1150 2386 propriorum
1171 2311 1326 2373 tormina-

219 2414 321 2478 tlones
342 2425 459 2489 susque
481 2405 581 2487 deque
600 2405 758 2469 haberent.
801 2404 854 2468 Sic
879 2401 960 2466 idern
987 2403 1079 2468 homo
1093 2401 1238 2487 Ἄλκιμος
1258 2426 1324 2473 no-

218 2511 349 2578 minatur
371 2514 403 2572 et
420 2499 611 2586 Ἀλκιμέδων,
634 2505 713 2568 alius
734 2501 850 2584 Πύθης
872 2509 903 2568 et
921 2503 1091 2584 Πυθοκλῆς
1105 2523 1133 2568 v.
1150 2506 1265 2571 Siebel.
1284 2509 1324 2572 ad

217 2611 308 2676 Paua.
331 2606 364 2673 Τ.
386 2604 434 2672 tt.
457 2603 526 2669 328.
554 2603 633 2666 nlius
651 2600 780 2684 Ἕρμον
806 2609 836 2666 et
853 2595 1060 2684 ‘Beneuentano
1089 2603 1260 2685 Schweigb.
1284 2609 1323 2671 ad

217 2707 287 2774 hth.
305 2706 337 2769 T.
355 2702 390 2770 ll.
402 2700 453 2768 49.
470 2705 558 2782 eujus
572 2701 784 2767 mutabilitatis
799 2701 938 2782 exemplu
954 2702 1104 2764 cumulavi
1118 2703 1150 2764 in
1163 2704 1319 2788 Aglaoph.

217 2803 286 2872 936.
302 2803 387 2868 aurit
400 2800 547 2866 Lehrsius
563 2801 595 2862 in
608 2801 703 2864 Arist.
719 2799 789 2864 249.
819 2799 859 2863 Et
871 2799 903 2862 in
920 2800 980 2863 hoc
995 2801 1066 2880 ipso
1085 2816 1207 2885 genere,
1228 2821 1321 2884 quem

215 2901 441 2972 Demosthenes
456 2899 487 2963 et
500 2897 672 2963 Aeschines
684 2900 855 2962 Anaxinurn
868 2905 990 2980 vocant,
1003 2900 1185 2964 Plutarchus
1199 2904 1274 2968 Vitt.
1283 2906 1319 2970 X.

217 3002 314 3070 Oratt.
327 2999 363 3066 X.
393 2997 575 3063 lnamraum
598 2999 868 3080 transnominevit‚
899 2998 950 3061 alii
971 2999 1178 3078 Hegesinoum
1197 3001 1230 3065 in
1250 3004 1320 3068 He-

215 3100 365 3184 gesilaum
385 3102 544 3161 verterunt
564 3097 728 3176 altenag.
750 3094 788 3158 ad
808 3097 897 3177 Diog.
913 3096 961 3160 tv.
977 3097 1026 3161 oo.
1054 3096 1194 3177 Elpiuem
1216 3101 1247 3164 in
1261 3103 1320 3167 El-

216 3199 347 3283 pinicem
367 3212 395 3260 v.
411 3194 543 3260 Wossel.
566 3193 605 3258 ad
626 3194 715 3258 Diod.
734 3194 811 3258 xvt.
832 3195 879 3259 15.
913 3195 1086 3274 Euthynnm
1106 3197 1138 3261 in
1158 3199 1319 3280 Euthyde-

215 3313 296 3364 mum
317 3313 346 3360 v.
368 3293 474 3360 Elmsl.
498 3292 537 3358 ad
556 3294 689 3358 Acheru.
712 3294 836 3372 Argum.
872 3294 937 3357 Hac
964 3295 1057 3373 igitur
1082 3299 1202 3362 ratione
1233 3302 1320 3365 affir-

215 3411 298 3464 ntare
320 3393 393 3460 licet
414 3391 590 3466 Καλλῖνος9
612 3399 642 3456 et
664 3393 853 3468 Κολλλνοος,
881 3393 940 3455 etsi
968 3393 1094 3458 arbitrio
1118 3399 1317 3464 scribentium

213 3498 246 3561 in
266 3509 357 3560 uuum
377 3491 493 3557 collata
511 3491 573 3554 sint
594 3489 762 3572 hominem,
793 3498 895 3555 tamen
920 3508 984 3554 non
1012 3492 1110 3557 torma
1139 3496 1240 3561 solum
1268 3498 1318 3564 di-

278 3697 308 3765 Β)
329 3693 446 3760 Ὓψινοο
473 3693 629 3760 dactylicum
653 3694 681 3746 in
698 3694 806 3749 loannis
833 3693 964 3750 Geometr.
984 3693 1013 3747 C.
1034 3696 1064 3751 V.
1083 3698 1142 3753 tlt.
1163 3698 1196 3752 Α.
1217 3706 1245 3756 et
1260 3720 1317 3753 ποι-

214 3780 340 3848 κίλοχρος
356 3777 391 3834 ll.
411 3776 470 3832 444.
489 3776 521 3830 Α.
538 3776 571 3830 ob
585 3776 712 3830 vilitatem
729 3778 843 3831 auctoris
856 3781 1035 3846 praetermisi3
1054 3780 1176 3840 Πολονός
1188 3788 1316 3840 exterrui.

215 3865 286 3918 navit
301 3862 456 3931 Spitanerus
475 3858 621 3916 Obseruatt.
642 3860 668 3910 ln
686 3859 772 3922 Quint.
793 3874 818 3928 p.
840 3861 896 3918 473.

278 3945 308 4014 9)
330 3942 484 4000 Welchems
502 3944 529 3997 in
548 3941 642 3996 Adnot.
663 3942 696 3996 ad
713 3942 879 3998 Schweuehll
903 3945 1014 4012 Etymol.
1032 3961 1059 4014 p.
1077 3946 1136 4002 334.
1165 3963 1199 4002 ex
1222 3949 1315 4001 Κολλί·

212 4029 286 4087 λινος
303 4025 437 4082 concisum
455 4026 526 4095 dicit,
547 4027 589 4080 cul
613 4027 699 4081 simile
718 4026 852 4100 Φιλιλύρο
869 4030 888 4082 i.
909 4041 934 4083 e.
954 4026 1062 4098 Φιλύρα
1086 4028 1158 4084 linxit
1184 4033 1211 4085 in
1231 4031 1314 4084 Nact-

213 4124 272 4179 tmm
287 4125 335 4164 arar
354 4111 452 4177 tottam
469 4126 495 4180 p.
513 4111 555 4168 53.
593 4109 701 4166 Graecis
719 4109 788 4167 baec
805 4112 894 4179 ignota
910 4116 980 4169 suut.
