2750 4994
190 224 257 294 182
532 222 857 290 nlssxrtxxulo
885 224 933 288 lv.

192 398 255 456 tum
282 395 393 472 putant
418 406 446 454 v.
475 389 592 455 Corees
621 389 660 454 ed
687 389 765 455 Plut.
794 390 827 454 T.
854 389 903 454 lV.
932 387 1003 454 460.
1032 387 1138 454 libert.
1165 389 1295 453 ltissert.

194 489 288 556 Sioul.
309 507 339 572 p.
361 487 411 554 46.

276 594 307 663 s.
329 587 358 654 3.
399 587 647 669 llisputatiouem
675 586 713 650 de
741 585 902 665 adjectivis
929 601 993 650 uon
1015 586 1119 667 aptius
1142 587 1297 668 auspicari

194 701 324 770 possum
345 703 438 768 quum
461 687 489 750 si
516 686 555 750 ab
576 685 743 750 Herodiaui
764 692 932 768 praecepto
962 685 1064 749 ordiar
1085 686 1138 767 qui
1159 686 1297 766 trisylla-

195 787 304 851 borum
332 800 412 866 quae
442 792 609 849 extremam
638 791 773 867 acutam,
803 790 958 849 extremae
981 785 1153 865 proximam
1173 787 1296 849 brevem

194 883 370 965 nullamque
391 890 463 948 aute
485 883 576 966 alpha
587 884 727 948 vocalem
743 882 886 965 habeant,
907 883 1029 946 unicum
1051 901 1123 948 esse
1146 883 1222 947 dicit
1241 880 1298 947 οὐ·

197 979 308 1066 ρανός,
337 997 408 1047 nam
437 989 541 1048 cetera
568 984 695 1064 primam
724 983 838 1046 hahere
864 987 974 1045 natura
1001 982 1143 1047 brevem:
1175 977 1297 1064 ἄγονός,

196 1077 358 1165 οραγανός,
374 1077 536 1164 σφοδανός,
558 1076 676 1160 ἑόννός,
698 1075 847 1163 ὀρφανός,
868 1076 1010 1159 πεόανός,
1032 1076 1166 1162 ῥοόοινός
1180 1089 1212 1146 et
1226 1099 1300 1146 cor·-

198 1182 257 1262 ripi
286 1180 364 1244 adeo
392 1197 472 1262 quae
494 1198 512 1243 a
534 1181 685 1261 principio
715 1181 810 1260 longo
839 1181 1078 1263 profectusum,
1105 1180 1162 1243 ἵκω
1185 1176 1298 1258 ἱκανός,

197 1281 297 1344 πείθω
318 1275 462 1354 πιθανός,
484 1278 555 1341 εἴδω
576 1275 690 1354 ὶδννός.
718 1279 803 1343 Ηοοο
823 1295 904 1342 vere
922 1279 1024 1342 omnia
1045 1277 1200 1358 adjectiva
1219 1285 1302 1362 suut,

199 1378 347 1461 pleraque
375 1395 393 1441 a
419 1377 522 1441 verbis
551 1377 658 1462 dueta,
693 1395 772 1460 quae
800 1376 871 1440 sola
898 1377 1111 1457 complectitur
1137 1377 1242 1442 Schol
1265 1379 1302 1444 ll.

143 1493 159 1504 '⁴
198 1476 358 1543 illuxit.
380 1477 518 1558 γίνονταί
536 1497 606 1539 τινα
626 1470 688 1540 ἀπὸ
708 1471 855 1559 ῥημάοων
874 1468 1009 1552 ὀξόοονα
1030 1471 1106 1558 ἅπερ
1121 1469 1180 1558 τὴν
1196 1477 1304 1559 τρίτην

200 1569 263 1638 ἀπὸ
282 1569 388 1649 τέλους
408 1571 465 1657 ἔχει
485 1576 630 1658 βραχεῖαν
648 1570 822 1659 dadacum
843 1568 906 1638 ἀπὸ
919 1576 985 1637 τῶν
1004 1570 1152 1657 ῥημάτων
1164 1579 1305 1658 pavetq-

200 1669 284 1758 φότα
303 1669 346 1748 ὦς
367 1667 491 1756 ἄγονός,
512 1669 673 1756 στεγανός,
693 1671 715 1758 ἢ
736 1672 770 1738 ἐκ
789 1675 908 1756 μακρᾶς
927 1673 969 1748 εἰς
989 1675 1133 1755 βραχεῖαν
1152 1671 1305 1756 μεθιστά-

199 1793 277 1856 μενα
297 1768 340 1848 ὡς
352 1770 461 1855 τρόγω
474 1769 637 1856 τραγανός,
658 1773 730 1837 εἴδω
750 1770 866 1851 idonee,
887 1769 954 1856 ἥδω
973 1768 1093 1851 ἑδονός,
1115 1791 1173 1855 pro
1189 1775 1304 1855 quibus

199 1873 265 1938 ΕΜ.
293 1871 363 1956 568,
391 1872 439 1938 29.
467 1869 602 1948 ardentis
629 1879 659 1937 et
685 1867 810 1955 λιχανός
837 1872 869 1954 (a
895 1873 997 1954 λείχω)
1025 1873 1120 1937 affert.
1171 1874 1307 1938 Brevius

200 1970 352 2036 Arcadius
371 1989 450 2052 quae
464 1972 636 2036 femininam
654 1973 840 2052 positionem
855 1972 997 2053 habeant,
1019 1978 1110 2036 acuto
1127 1988 1208 2036 sono
1223 1990 1307 2036 eou-

202 2068 283 2134 oludi
311 2069 392 2134 dicit.
439 2066 600 2152 Τραγανός
627 2076 657 2133 et
683 2071 866 2151 primitivum
892 2064 1005 2151 τράγος
1032 2071 1060 2132 si
1087 2087 1154 2135 cum
1181 2077 1313 2153 τραγεῖν

202 2175 367 2248 cognatum
377 2175 437 2252 est,
450 2169 602 2250 principio
617 2168 750 2232 edulium
764 2169 956 2250 significavit,
970 2167 1079 2232 deiude
1093 2185 1149 2249 per
1162 2172 1308 2236 exocheu

202 2267 312 2331 alicam
334 2269 399 2330 sive
421 2270 589 2350 ptisanam,
625 2269 706 2331 sicut
727 2262 858 2350 δαιοάοη
878 2259 899 2350 ἡ
920 2261 1052 2349 πτισάνη
1070 2262 1155 2348 παρὰ
1175 2264 1212 2332 τὸ
1232 2270 1308 2335 δαί-

202 2369 320 2429 σασθαι
340 2367 404 2430 ΕΜ.
422 2371 580 2447 postremo
596 2365 818 2448 cartilaginem,
840 2370 928 2446 cujus
945 2383 1058 2430 nomeu
1070 2383 1215 2446 graecum
1227 2365 1308 2451 χόν-
1363 2413 1364 2432 r

203 2463 275 2544 ὅρος
291 2471 450 2545 utramque
468 2465 681 2547 complectitur
694 2465 947 2545 significationem
962 2459 1311 2553 ονκονορόςεότραφής

204 2569 395 2627 contractum
408 2583 435 2628 v.
451 2564 581 2628 Dissert.
596 2564 644 2627 vl.
660 2571 690 2640 §-
699 2567 727 2629 5.
737 2564 897 2645 simileque
910 2563 1005 2626 latino
1020 2563 1143 2628 alicuid
1157 2570 1309 2633 estalibi-

204 2663 242 2725 lis
257 2662 322 2726 sive
335 2661 448 2726 alelnis
462 2663 542 2727 Fest.
559 2744 562 2750 ἱ
580 2663 768 2742 significatio
794 2663 937 2743 adjectivi
953 2670 983 2726 et
999 2664 1185 2728 substantivi
1204 2670 1307 2734 media

205 2767 254 2824 est
269 2765 301 2822 ct
323 2759 393 2823 ideo
420 2768 566 2826 accentus
587 2761 758 2842 instabilis3
779 2758 909 2844 χόνδρος
927 2758 1079 2844 πρόγονός
1093 2766 1225 2846 Hesych.
1242 2787 1306 2851 quo

205 2857 341 2938 epitheto
364 2860 486 2940 speeies
509 2860 606 2923 alicae
627 2858 777 2924 declarari
793 2862 912 2925 videtur
928 2881 955 2926 v.
973 2863 1132 2944 Sprcngel.
1146 2864 1185 2929 ad
1199 2867 1306 2932 Dioso.

204 2956 274 3021 tou.
305 2954 361 3020 sed
388 2957 582 3022 substantive
609 2959 707 3038 magis
736 2953 927 3041 ὁτραγονὸς
946 2962 1004 3024 τοῦ
1024 2955 1102 3036 ὠτός
1131 2963 1253 3046 (tragus
1276 2975 1307 3030 et

205 3055 391 3136 autitragus)
418 3057 449 3120 iu
477 3056 554 3121 Med.
582 3057 682 3138 Mosq.
704 3059 810 3124 127.1⁸
836 3055 967 3142 χόνδρος
992 3054 1028 3124 τὸ
1055 3055 1181 3135 ἐντοῖς
1206 3059 1307 3144 μέλεοι

204 3149 361 3234 τραγανόν
390 3153 554 3232 Herodian.
582 3156 679 3236 Epim.
709 3156 777 3222 152.
805 3157 862 3223 sed
896 3152 930 3222 τὸ
956 3154 1112 3240 οράγανον
1138 3162 1193 3241 τῆς
1220 3159 1306 3243 ῥινός

204 3252 307 3317 Melet.
331 3252 368 3316 de
389 3252 457 3319 Nat.
472 3254 559 3321 Hom.
573 3256 621 3319 ΙΙΙ.
640 3255 688 3320 73.
710 3255 876 3336 Σφεδανός
893 3259 939 3322 sic
952 3266 984 3320 ut
998 3254 1135 3341 σφοδρός
1149 3277 1168 3322 a
1184 3258 1306 3326 σπεύδω

206 3352 364 3432 delapsum
387 3348 802 3438 esseEus'tathiop.1065,
824 3353 850 3420 1.
873 3355 999 3421 eredere
1025 3375 1088 3422 uon
1115 3375 1305 3444 recusamus,

205 3468 307 3533 neque
340 3452 520 3518 hallucinari
551 3453 692 3517 videntur
718 3455 770 3533 qui
799 3471 838 3518 ex
864 3450 930 3518 ἅδω
959 3457 1087 3539 primum
1115 3453 1200 3540 ἥδο,
1236 3462 1306 3524 hine

205 3545 317 3624 ἑδανός
336 3551 479 3616 extitisse
500 3556 608 3634 putant
627 3551 767 3616 Eustatlr.
789 3569 818 3632 p.
843 3551 911 3638 128,
932 3555 960 3619 4.
983 3573 1011 3635 p.
1032 3554 1102 3639 974,
1119 3557 1169 3622 53.
1179 3559 1208 3599 ae
1231 3552 1305 3640 Ὀρ-

206 3645 309 3734 φονός
326 3649 407 3714 uude
428 3648 597 3715 derivatum
626 3650 667 3714 sit
688 3655 818 3731 apparet
837 3668 875 3715 ex
898 3653 1004 3736 erdcs,
1025 3648 1176 3738 όρφωοεν
1196 3651 1305 3742 ὠρφὰ-

276 3896 320 3963 18)
343 3895 519 3952 Sclrueiderus
536 3912 627 3953 purnes
644 3905 768 3956 accentus
785 3903 919 3970 pervertit.

278 3979 322 4046 19)
344 3979 445 4036 Eodem
462 3981 628 4036 Buttmannus
647 3985 787 4038 revolvitur
803 3984 885 4040 Lexil.
904 3987 925 4040 1.
946 3986 986 4042 td.
1011 3990 1149 4054 postquam
1170 3985 1303 4042 Gramma·

211 4071 278 4125 ticos
295 4064 426 4131 sugillavit
443 4069 564 4134 tanquam
581 4078 660 4122 verae
678 4068 784 4123 rationis
801 4069 913 4136 ignaros.
