2758 4994
219 275 272 342 DE
295 273 514 342 NOMINIBUS
535 276 578 342 IN
597 283 616 362 ρ
633 275 895 345 EXEUNTIBUS.
940 289 969 357 S.
984 283 1012 347 6.
1103 284 1172 352 m

53 463 82 510 s.
107 442 140 506 ln.
166 443 234 505 r.⁵⁵
269 443 380 506 Verum
409 457 541 506 necesse
568 459 632 506 nen
660 450 725 524 est;
759 461 890 525 namque
920 449 1093 512 terminatio
1120 435 1175 532 ρὀξ

53 543 166 624 stirpi,
188 558 270 623 quae
291 541 417 625 dicitur,
441 557 537 622 saepe
558 543 626 606 sine
647 543 821 606 interventu
842 545 961 609 vocalis
982 546 1172 629 adjungitur3

47 639 426 722 nequccvincuntscttol.
435 638 519 705 Odl.
530 639 596 704 164.
605 636 953 726 cacodaemones,
963 645 1086 710 etEust.
1095 645 1167 728 cut,

52 741 109 806 63.
131 735 257 823 coepe
286 755 325 802 ex
347 733 489 820 ννὸηρός
517 745 707 804 contractum
730 757 817 820 esse,
855 743 1057 821 oneratione
1079 745 1170 811 etiarn

50 834 198 921 αἰσχρός,
220 832 351 922 ἀλιτρός,
372 831 485 918 λιβρός,
507 834 633 921 λυπρός,
654 833 775 920 ψυχρός
792 840 824 900 in
838 837 903 903 EM.
912 839 1129 921 ‘expediuntur
1141 845 1169 884 ⁶⁰

49 938 195 1004 Facilius
223 937 410 1000 accesserim
438 936 465 998 si
487 935 556 1015 quis
578 937 763 1017 Hesychium
784 937 910 1001 verbnm
937 935 1169 1023 supplicavere

48 1055 134 1102 vero
165 1030 391 1118 σοβαρεύεσθαι
410 1035 644 1113 interpretatum
666 1052 738 1099 esse
759 1035 851 1100 dicat.
889 1036 1002 1102 Notum
1025 1047 1073 1103 est
1095 1057 1168 1104 ser-

50 1153 183 1201 menem
205 1135 359 1216 plebeium
380 1127 536 1216 στανρούς
557 1135 822 1198 transnominasse
842 1130 984 1219 οταύαρα
1004 1139 1070 1201 sive
1091 1134 1168 1201 croi·-

51 1238 157 1320 βαρα,
190 1252 227 1298 ac
248 1238 354 1314 petest
375 1233 439 1295 lieri
461 1239 494 1295 ut
514 1227 640 1312 Γύαρος
656 1234 758 1314 repat
777 1229 872 1316 γνρός
887 1251 999 1298 nemen
1012 1237 1092 1301 idere
1116 1239 1167 1321 sit,

52 1335 113 1399 scd
127 1335 201 1415 quis
218 1331 363 1396 decernat
375 1338 475 1395 utrum
488 1329 574 1411 prins
592 1330 691 1413 luerit,
713 1328 851 1415 καναρός
871 1350 910 1396 an
931 1331 1056 1418 αανρός,
1080 1339 1167 1400 Γαν-

52 1429 153 1516 δάραι
176 1449 217 1496 an
240 1426 402 1512 rivipoll
449 1430 496 1492 Ac
523 1443 741 1509 nonnunquam
765 1433 856 1496 etiarn
886 1435 1068 1512 significatio
1098 1435 1167 1502 dis-

53 1538 183 1613 crepat:
218 1525 314 1612 ὕδρος
333 1524 415 1612 ὕδρα
434 1523 554 1609 ὕδερος.
595 1527 666 1590 ntia
686 1528 777 1593 simul
798 1547 866 1594 cum
880 1533 981 1596 vocali
996 1550 1166 1599 consonant

52 1635 179 1697 mutent
202 1628 497 1692 characteristicam:
525 1621 679 1708 τρυφερός
699 1634 730 1690 et
749 1626 916 1712 τρυφηλός,
936 1628 1067 1714 ναλερόν
1087 1629 1166 1696 κατὰ

55 1727 251 1794 Παυσανίαν
269 1721 306 1790 τὸ
324 1721 461 1809 γαληνόν
480 1725 621 1790 Eustutlt.
647 1725 736 1809 1539,
758 1727 807 1791 63.
830 1746 887 1808 pro
909 1746 971 1810 que
992 1731 1165 1810 Hesychius

55 1823 206 1912 Γαληρόν
232 1821 269 1889 τὸ
289 1819 440 1890 αὐτὸκαὶ
460 1818 598 1906 pulsorio.
641 1825 712 1888 Alia
733 1841 904 1890 consonare
926 1828 1040 1892 solare:
1078 1824 1164 1894 Ἀνε-

52 1925 195 2013 μώρειαν
213 1919 275 1988 ἀπὸ
296 1925 356 1988 τοῦ
376 1919 603 2005 συμβεβηκότος
615 1957 656 1968 -
670 1917 748 1996 τινὲς
767 1920 800 1986 ii
817 1919 1015 2005 Ἀνεμῶλειαν
1034 1930 1165 1992 καλοῦσι

54 2027 160 2094 Strab.
184 2024 234 2089 ix.
253 2023 323 2088 424.
346 2019 495 2105 Βώααρος
514 2017 652 2102 ποταμός
672 2062 712 2071 -
733 2016 752 2085 ὁ
772 2024 833 2086 νῦν
853 2023 1015 2098 Βοκαλίας
1033 2025 1073 2090 ib.
1094 2025 1164 2091 394.

51 2129 204 2206 corrupte
226 2127 387 2204 utrumque
408 2129 509 2202 etymo
532 2140 560 2186 u.
574 2121 683 2184 Parall.
704 2120 774 2186 466.
809 2118 996 2204 rapotae
1016 2124 1164 2203 curculio

54 2225 161 2290 Gloss.
184 2239 241 2303 pre
257 2217 436 2303 γαργαρεών
456 2221 622 2300 brenchis,
646 2236 735 2301 quent
748 2226 839 2284 retus
855 2221 990 2286 Oribesii
1009 2223 1163 2302 interpres

52 2321 214 2404 gargalam
241 2319 379 2383 nominat
404 2337 432 2382 v.
460 2317 582 2382 lieincs.
604 2318 692 2381 Varr.
719 2318 816 2383 Lectt.
837 2321 915 2400 Epil.
938 2337 966 2400 p.
988 2319 1057 2385 683.
1084 2315 1162 2404 iip-

53 2442 133 2504 prpo
154 2455 197 2464 -
223 2419 380 2499 Τερμερεῖς
400 2415 454 2480 καὶ
480 2419 636 2499 Τερμελεῖς
658 2417 763 2497 Steph.
785 2417 956 2501 κανθήλιος
968 2420 1162 2484 cantherius.

53 2523 101 2585 De
122 2518 238 2599 duplici
266 2516 487 2597 adieetiuorum
510 2512 664 2600 οιωαηλός
692 2523 723 2580 et
744 2515 901 2601 σιοαηρός
920 2525 978 2582 etc.
1008 2519 1162 2599 scriptura

55 2619 120 2683 dixi
140 2619 174 2681 in
194 2617 325 2680 Dissert.
347 2616 382 2679 ll.
407 2633 433 2678 o.
455 2616 491 2680 ll.
515 2623 546 2691 s.
565 2617 595 2682 3.
631 2616 686 2679 llis
709 2614 862 2682 deteriore
884 2624 986 2681 aetate
1008 2619 1161 2680 succrevit

54 2712 200 2799 σιγανός,
228 2731 289 2796 que
319 2712 459 2794 excrnple
482 2715 600 2779 derues
623 2714 660 2778 ad
683 2714 785 2778 Struit,
810 2716 877 2781 182.
905 2717 1048 2779 vitiosam
1070 2719 1161 2780 unius

56 2813 177 2880 codicis
205 2814 388 2894 scripturam
409 2809 533 2894 σιγηνός
554 2812 719 2877 defendere
741 2821 879 2878 cenatur.
926 2813 997 2877 Alia
1018 2816 1160 2895 quaestio

55 2922 105 2980 est
126 2929 199 2976 nunt
221 2928 363 2974 consona
383 2927 462 2991 quae
483 2913 515 2975 in
532 2913 716 2976 formatione
728 2928 945 2992 nonnunquam
958 2913 1065 2976 literae
1088 2930 1161 2976 erc-

54 3015 172 3076 triacae
193 3011 366 3076 subseritur
390 3007 491 3094 (φέρω
513 3005 627 3094 φερνή,
655 3005 746 3090 κέρας
774 3027 871 3074 cornu
893 3011 964 3092 etc.)
994 3010 1100 3074 eadem
1129 3013 1160 3074 in

55 3112 115 3175 lrec
135 3125 250 3190 genere
270 3109 441 3173 fulciendae
462 3110 564 3174 vocali
585 3111 672 3174 brevi
693 3109 828 3171 adhibita
849 3109 899 3172 sit.
934 3109 1026 3173 Urbis
1038 3109 1158 3190 quidem

55 3211 195 3274 Creticae
215 3224 327 3272 nornen
350 3209 389 3271 eb
409 3209 575 3273 Eleuthero
597 3206 729 3288 quedam
748 3207 894 3270 fabulose
907 3206 1075 3271 denvaturn
1090 3207 1160 3287 ple-

56 3325 181 3389 rumque
199 3300 393 3390 Ἐλενθὲρνα,
416 3307 581 3388 aliquoties
605 3307 695 3369 etiam
714 3299 892 3390 Ἐλευθεραί
912 3307 1077 3385 scribitur3
1105 3306 1159 3368 sed

122 3589 168 3655 55)
188 3587 325 3655 singulare
342 3601 476 3656 syncopae
495 3588 642 3654 exemplum
659 3586 770 3656 praebat
785 3585 911 3654 Epidauri
929 3585 1076 3642 Laconicae
1097 3590 1159 3655 cpi-

57 3672 158 3740 theton,
191 3674 213 3724 si
235 3686 268 3726 ax
284 3667 432 3740 λιμενηρά,
459 3677 486 3724 ut
502 3671 662 3739 Apollodoro
690 3670 788 3738 placuit
815 3668 914 3736 Fregm.
933 3671 992 3726 42³.
1013 3676 1159 3738 correptum

59 3762 111 3824 est,
131 3760 158 3811 et
175 3756 258 3822 necis
276 3756 355 3810 etiarn
373 3757 397 3808 si
416 3752 647 3822 exasperatione,
673 3767 724 3821 qua
751 3767 784 3809 ex
802 3753 925 3820 opinione
945 3749 1017 3806 tlurit
1036 3758 1159 3808 accentus

59 3837 176 3909 Λειμήρα
195 3844 222 3895 ct
236 3835 345 3907 Λιμὴρα
372 3852 431 3892 curn
455 3837 518 3892 alibi
542 3841 595 3890 tum
614 3838 641 3890 in
659 3833 736 3889 cedd.
758 3833 873 3902 Thucyd.
892 3835 947 3890 Vll.
965 3835 1008 3892 26.
1026 3843 1158 3905 receptus,

60 3919 100 3976 ubi
118 3919 207 3976 Schol.
226 3922 311 3988 aptius
329 3919 361 3975 ad
375 3918 453 3989 λιμός
469 3919 557 3975 reiert.

120 4051 167 4119 tc)
184 4051 273 4106 schel.
290 4052 352 4106 Eur.
370 4051 439 4108 lled.
454 4053 513 4110 595.
531 4048 628 4107 δοῦλος
645 4063 679 4106 ex
698 4047 802 4113 θυηλάς,
823 4047 893 4118 quod
906 4061 942 4103 ne
954 4048 1082 4115 reperitur
1095 4050 1157 4116 qui-

64 4135 131 4204 den,
154 4137 288 4192 concisum
308 4140 394 4205 putat,
419 4135 558 4192 Passerius
576 4133 737 4189 homericum
755 4130 838 4200 ζορός
856 4147 889 4189 ex
910 4131 1008 4186 novitio
1020 4130 1127 4201 ζοηρός.

1015 4423 1041 4508 d
