2770 4992
227 260 274 325 88
583 259 821 325 lllssElrra
830 249 908 322 llo
944 256 972 320 l..

226 425 342 489 ndtivis
364 426 395 488 in
415 429 436 488 ν’
460 426 652 508 exeuntibus,
675 423 803 488 altorum
826 439 844 485 a
866 421 1015 504 diuersis,
1032 419 1118 484 illam
1141 421 1282 500 speeiem
1301 419 1334 481 ad

231 524 414 604 epenthosln
434 523 551 588 reterre
573 529 815 586 consentaneum
843 527 908 604 est,
940 519 1068 584 alteram
1095 517 1135 582 ad
1163 519 1335 600 parentasin

231 623 297 688 sive
319 635 505 702 paragogen.
555 621 743 702 Quamquam
772 620 850 683 haee
878 618 1036 682 distinolio
1065 617 1142 681 artis
1172 617 1274 697 magis
1295 624 1336 679 est

231 733 322 804 quam
336 727 474 785 naturae.
516 717 580 784 Sed
602 719 791 784 domatione
809 726 841 782 et
860 717 1158 799 parasohematismo
1176 716 1336 796 nominum,

233 836 313 902 quae
330 819 425 884 litora
443 824 468 884 ai
489 820 648 902 liniuntur,
676 824 793 882 tantum
809 818 888 882 mihi
908 815 1026 880 dixisse
1047 815 1167 899 uideor,
1197 821 1336 897 quantum

232 934 312 1001 opus
335 927 409 985 erat.

314 1058 344 1130 5.
367 1049 395 1118 9.
436 1052 643 1116 Animantium
659 1047 821 1131 voeabula,
843 1065 923 1130 qrrae
944 1047 1001 1110 rho
1023 1045 1139 1111 hahent
1162 1053 1335 1124 extremum,

231 1150 389 1232 generalia
411 1157 442 1214 et
463 1149 629 1233 specialia,
657 1151 740 1213 uelut
768 1143 849 1230 odo,
878 1141 958 1229 θήρ,
988 1142 1062 1229 χήρ,
1084 1141 1174 1229 φώρ,
1196 1147 1262 1208 lere
1282 1159 1336 1206 non

233 1255 396 1313 moventur
423 1266 479 1330 per
499 1265 630 1330 genera3
665 1249 725 1311 τοῦ
752 1242 832 1331 dorio
856 1240 893 1310 τὸ
913 1243 1054 1330 θηλυκόν
1076 1238 1116 1310 οὐ
1137 1245 1250 1324 δαεῑρα
1271 1236 1337 1304 ἀλλὰ

234 1342 336 1430 γάλας
358 1339 462 1428 Suthul.
481 1344 515 1412 Il.
537 1345 585 1414 lll.
609 1345 676 1412 tao.
699 1364 755 1427 pro
779 1364 840 1428 quo
863 1340 969 1425 ὃάειρα
991 1346 1139 1426 seriptum
1163 1345 1255 1410 Eust.
1276 1333 1336 1422 olo,

234 1443 283 1512 31.
314 1462 400 1512 more
428 1445 612 1530 verbalium,
646 1463 664 1509 a
692 1440 761 1528 μάει
781 1441 929 1530 μάστειρα
951 1452 981 1508 al
1009 1439 1136 1528 μήτειρα
1162 1437 1185 1526 ἡ
1209 1439 1336 1524 φρονίμη

223 1543 306 1610 'Hes
329 1553 386 1609 eto.
409 1545 446 1609 de
469 1545 580 1626 quibus
601 1544 676 1608 nihil
696 1561 756 1608 nos
778 1545 888 1607 attinet
911 1544 1022 1608 dioere.
1049 1540 1336 1607 Gentilioiornmle-

234 1644 348 1708 minina
369 1643 521 1724 adjectiva
543 1650 614 1708 sunt
638 1643 757 1724 Πιερίς,
782 1636 900 1726 Ἴβηρές.
951 1642 1013 1708 Sed
1034 1659 1126 1707 unum
1149 1648 1255 1705 tamen
1275 1654 1335 1702 mo-

235 1748 335 1806 torum
358 1741 494 1807 ordinem
516 1742 618 1826 intrat,
651 1737 723 1826 Κάρ
744 1779 786 1792 -
805 1735 841 1805 τὸ
862 1737 1003 1825 θηλυκὸν
1024 1738 1154 1824 Κάειρα.
1195 1729 1333 1802 Ἀπολλώ·

233 1861 300 1916 νιος
314 1836 366 1906 διὰ
379 1844 435 1908 τοῦ
449 1845 466 1904 i
480 1856 557 1925 φησι
572 1843 710 1924 μακροῦ·
732 1837 753 1926 ἡ
769 1838 801 1908 δὲ
813 1833 935 1916 {hadom
948 1835 1117 1924 ἀναγκαία·
1138 1833 1178 1903 τὰ
1194 1831 1256 1920 γὰρ
1271 1833 1335 1908 εἶρα

222 1931 375 2022 ’βραχύΉ
403 1936 729 2025 παρασχηματιζόμενα
754 1937 954 2023 ἐκτελνειτὴν
975 1935 1223 2059 παραλήγουσαν
1243 1931 1265 2018 ἢ
1283 1928 1334 2016 φύ-

236 2051 281 2102 σει
305 2063 325 2123 η
312 2033 446 2106 ’Ἣθέσει
484 2033 676 2122 Ηροιδιανὸς
703 2037 737 2104 ἐν
759 2043 798 2127 τῇ
825 2035 966 2104 καθόλου
995 2042 1034 2126 τῇ
1044 2035 1167 2122 χρήσει
1198 2032 1334 2147 ἑπόμενος

225 2131 289 2202 *dude
310 2135 498 2238 διφθόγγον,
530 2132 787 2224 ὑπομνηματίζων
808 2134 892 2204 ii
862 2161 918 2202 τον
935 2133 1143 2203 Ἀπολλώνιον
1163 2131 1219 2202 διὰ
1239 2133 1333 2198 τοῦἱ

234 2227 353 2300 ’ἔστι
318 2260 377 2320 γαρ
398 2261 449 2303 οτε
467 2233 542 2322 μετὰ
563 2232 621 2322 τὴν
642 2237 789 2320 διαίρεσιν
811 2235 929 2314 ἔντασις
944 2239 1087 2322 γίγνεται,
1110 2229 1268 2319 οἴομαι’
1233 2253 1333 2316 οιομαι.

224 2327 277 2400 Ἠ
300 2332 405 2419 χρῆσις
430 2333 464 2400 δὲ
491 2359 569 2402 κατα
595 2329 809 2422 συνεκδρομὴν
835 2339 893 2403 τοῦ
920 2333 1050 2421 σώτειρα
1071 2332 1210 2416 ἐλάτειρα
1240 2331 1332 2412 Steph

237 2435 272 2500 ln
293 2437 443 2520 prinoipio
467 2436 661 2501 scribendum
689 2444 738 2501 est
760 2439 865 2520 Kalpe
892 2446 925 2502 ut
947 2454 995 2519 ap
1018 2435 1215 2500 Eustathium
1236 2433 1333 2512 legitur

238 2529 309 2616 367,
333 2533 380 2600 19.
423 2533 680 2612 Quemadmodum
703 2537 782 2599 onim
803 2530 888 2654 παρὰ
908 2531 965 2620 tipo
985 2557 1123 2656 ρατιαρος
1143 2526 1269 2618 γενικὴν
1283 2521 1331 2610 μᾶ-

238 2654 329 2714 καιρα
356 2629 409 2696 ναὶ
436 2627 567 2708 τάλανος
593 2630 722 2698 τάλαινα
748 2632 800 2698 καὶ
826 2631 947 2715 τέρενος
970 2629 1088 2718 τέρεινα
1112 2630 1182 2699 ῈΜ.
1204 2631 1273 2712 752,
1292 2623 1330 2690 27

238 2731 284 2796 sio
306 2747 357 2796 ars
379 2733 551 2813 analogiam
576 2749 710 2816 sequens
733 2751 752 2798 a
772 2736 908 2815 genitivo
930 2756 988 2798 του
974 2729 1113 2817 Καρός
1131 2734 1217 2799 dnoit
1232 2731 1329 2807 Καῖρο.

237 2829 316 2900 Huio
335 2830 516 2896 Eustathius
538 2834 684 2898 continuo
708 2832 811 2899 subdit
841 2852 859 2898 a
881 2833 1030 2915 Stephani
1052 2834 1226 2915 expilatore
1248 2826 1331 2894 omis·

239 2945 307 2998 sum
334 2928 387 2995 καὶ
414 2927 448 2995 ἐν
474 2927 610 2996 διαλύσει
632 2927 746 3015 Κάϊρα.
791 2933 885 3014 Cujus
914 2933 981 2996 iota
1008 2933 1139 3013 produci
1167 2930 1270 2995 dieunt
1289 2925 1331 2986 tui

238 3029 311 3114 quia
332 3047 371 3094 ex
392 3030 502 3110 dialysi
525 3038 624 3095 ortum
646 3038 694 3095 est
716 3037 768 3095 aut
791 3032 831 3095 oh
854 3031 1100 3095 terminationem
1121 3023 1160 3093 τὰ
1180 3025 1240 3112 γὰρ
1259 3020 1331 3098 sled

238 3123 337 3212 βραχύ
357 3136 415 3197 eto.
457 3128 612 3195 Produoto
634 3131 701 3193 iota
723 3128 856 3194 additum
879 3135 927 3194 ost
951 3131 1072 3211 epsilon
1086 3127 1195 3192 -ααὶ
1217 3124 1234 3193 ὁ
1254 3119 1330 3216 λόγος

237 3222 296 3310 τὴν
315 3227 492 3311 δίφθογγον
514 3229 592 3293 αἰτεῖ
611 3229 715 3293 Sohol.
738 3229 770 3294 ll.
785 3229 833 3294 IV.
849 3228 916 3293 142.
939 3230 1010 3310 quia
1031 3229 1205 3309 ubieunque
1221 3232 1330 3300 antem

239 3326 389 3406 syllabam
417 3329 482 3392 iota
511 3329 680 3411 reperitur,
716 3326 938 3408 diphthongum
966 3334 1028 3392 est:
1058 3331 1193 3409 σφαῖρα,
1229 3327 1329 3403 στεῖρα

229 3430 348 3508 μοῖρα,
374 3427 486 3514 πρῷρα
507 3463 547 3473 -
568 3425 765 3508 σεσημείωται
792 3420 828 3489 τὸ
855 3421 922 3509 εἶρα
942 3425 995 3491 καὶ
1017 3421 1137 3509 Κάειρα
1157 3412 1330 3509 ἄμφιβαλλό·

238 3542 316 3610 μετα
342 3525 407 3611 Ehl.
435 3526 505 3609 318,
534 3525 583 3592 53.
618 3526 715 3591 Cram.
732 3525 780 3598 ll.
809 3523 877 3590 196.
922 3527 1118 3591 *Postremum
1148 3523 1277 3590 diaeresi
1301 3532 1330 3580 aa

241 3627 347 3708 Καῐρα
377 3627 488 3690 laetum
512 3641 584 3689 esse
606 3623 762 3688 consentit
785 3623 887 3689 Sohol.
909 3623 942 3689 ll.
964 3623 1012 3689 lv.
1035 3624 1103 3689 ila.
1134 3624 1191 3690 sed
1213 3621 1291 3689 addit
1308 3612 1331 3678 oi

238 3721 273 3790 δὲ
294 3719 336 3799 ὡς
358 3717 420 3788 ἀπὸ
441 3724 498 3788 τοῦ
519 3724 623 3805 φαίνω
645 3723 774 3806 φαείνω,
805 3739 885 3803 quos
907 3741 1039 3788 neeesse
1061 3729 1110 3788 est
1132 3741 1189 3804 pro
1214 3714 1330 3787 diaeresi

239 3824 442 3890 substituisse
471 3822 653 3905 epenthesln
687 3821 867 3902 diphthongi
898 3823 1038 3904 integrae
1068 3823 1210 3904 exemplo
1239 3829 1331 3906 parum
1366 3869 1367 3874 ι

302 4096 348 4164 di)
375 4095 460 4166 Alphe
479 4110 530 4151 non
547 4110 638 4163 purum
658 4096 795 4165 signifieat,
815 4102 843 4151 ut
861 4095 984 4153 excludat
1001 4098 1066 4164 μία,
1087 4091 1237 4168 ὀρχήστρα
1255 4097 1298 4150 eto.
