2750 4994
170 280 222 345 DE
242 277 462 346 NOMINIBUS
484 279 524 344 IN
546 279 565 345 ῡ
583 279 844 352 EXEUNTIBUS.
865 287 899 354 C.
911 288 932 354 1.
955 296 985 365 ᾖ
1003 291 1029 356 1.
1093 291 1158 359 177

55 461 113 509 nec
143 447 243 510 refert.
286 445 349 510 Sed
376 439 518 520 θύσανος
546 441 564 512 ὁ
590 444 724 530 nonacris
750 443 813 514 ἀπὸ
841 451 902 516 τοῦ
920 449 993 517 θύα
1012 447 1168 538 τό-ὄρμῶἶ

56 545 164 608 Senot
184 543 309 608 Hesiod.
339 546 389 611 So.
417 546 514 615 225.⁷
540 553 669 629 propter
694 547 876 614 brevitatem
898 551 1166 621 vocaiisnon'rini'

53 639 148 717 θύας
167 644 296 724 propius
323 649 372 708 est
393 661 484 726 quam
506 648 609 710 iutaro
630 642 733 729 θύσω,
756 651 787 710 ολ
808 643 945 734 ντασᾰνη
965 643 986 732 ἡ
1006 645 1156 742 ῧττοθῆκη

52 743 126 806 Hes.
147 742 237 805 aliter
258 743 456 822 pronunciari
483 743 574 809 debet
596 747 623 809 si
646 764 664 809 a
690 738 923 828 supradicat&
952 735 1165 816 dwcioacttut‘

50 841 124 906 Hes.
146 841 315 904 derivatum
336 847 386 906 est
407 859 445 906 ac
466 845 494 907 si
516 861 534 906 a
555 839 670 923 στάσις,
693 844 781 909 unde·
793 841 943 928 στάσιμον
951 843 987 912 τό
1004 844 1156 916 dedoruae-¹

49 936 152 1022 μένον.
193 939 296 1020 Alphe
317 940 503 1021 penultimae
524 957 615 1024 quum
638 944 779 1008 omnibus
793 945 887 1010 breve
901 947 951 1030 sit,
971 948 1003 1010 in
1017 947 1165 1028 Timonis}

48 1055 144 1103 versu
163 1039 276 1104 Athen.
297 1037 333 1103 X.
352 1039 422 1104 445.
445 1057 502 1121 pro
525 1035 749 1124 ἀπληστοίνους
769 1035 943 1124 ἀρυσαίνας,
972 1043 1055 1127 quod
1072 1045 1154 1114 'itin-'1

50 1138 165 1202 dorius
187 1136 291 1216 edidit,
313 1131 481 1218 ἆροταλνας
500 1141 711 1222 reponendum
733 1147 782 1206 est
804 1159 845 1206 eu
865 1161 893 1225 p.
915 1144 986 1210 424.
1007 1145 1041 1210 Β.
1062 1146 1064 1150 ’
1084 1148 1162 1212 idia-¹

49 1239 180 1319 persenti
199 1235 292 1300 modii
314 1237 540 1303 similitudinem
562 1245 732 1321 sequuntur
753 1237 880 1323 δοκάνη,
902 1237 1163 1325 δόνανον,’ξόα·-’

49 1359 117 1415 νον,
137 1333 263 1418 ὄχανον,
285 1330 445 1400 πλόκανον
465 1339 532 1402 sive
545 1334 701 1422 πλόχανον
714 1331 801 1404 Eust.
824 1338 913 1422 1528,
935 1341 983 1406 22.
998 1341 1166 1425 admoveo}

50 1431 145 1518 ηοάνη
165 1431 288 1517 χόανος,
309 1431 450 1517 ηόδανος,
474 1454 603 1520 quorum
625 1455 688 1502 non
711 1439 851 1503 omnihus
870 1440 1064 1506 substantiva
1089 1451 1157 1510 ‘affl

23 1535 210 1616 'tecedunt,
238 1551 333 1616 qnare
360 1534 421 1599 hoc
448 1536 520 1599 ioco
549 1551 725 1616 proponere
752 1538 864 1618 malui,
891 1538 1082 1623 eandemque
1099 1545 1154 1627 ,ob

52 1650 175 1698 causam
197 1633 247 1696 hic
268 1636 399 1698 reioram
420 1635 559 1715 periente
582 1635 709 1717 passivo
724 1653 865 1702 connexa
878 1630 1004 1720 ἆρτάνη,
1025 1640 1152 1725 βοτάνη,

51 1729 210 1814 aeaeae.
254 1731 337 1796 Haec
365 1734 458 1813 igitur
487 1734 588 1796 omnia
608 1735 852 1799 terminationem
870 1733 1072 1802 adventiciam
1092 1740 1152 1804 hau

51 1833 131 1898 bent.
174 1829 253 1914 Sed,
282 1833 353 1913 quia
381 1847 599 1912 nonnunquam
626 1833 782 1896 nominum
809 1837 840 1897 et
859 1834 1023 1898 uerborum
1045 1838 1157 1905 eadem

51 1939 172 1998 estant
193 1931 302 1996 similis
323 1933 497 1995 terminatio
518 1932 656 1994 τεταλνω
676 1926 828 2008 τετανός,
853 1932 1010 2013 capacium
1030 1952 1156 2018 capno-2

50 2029 118 2111 νός,
146 2026 433 2108 deuteronomos,
464 2030 552 2093 ceiam
583 2029 733 2112 (τιταίνω)
761 2025 901 2107 τέτανος,
935 2039 1151 2112 controversia

50 2133 152 2196 existit
173 2137 244 2193 utra
264 2131 349 2210 prins
372 2127 593 2209 processerint.
635 2128 783 2215 Equidem
798 2135 926 2210 propter
941 2147 995 2194 eas
1010 2135 1168 2202 rationes⁴

50 2247 125 2311 quas
153 2231 186 2294 in
214 2229 274 2292 aiia
303 2229 408 2308 operis
436 2234 525 2308 parte
552 2227 686 2308 explicui
713 2245 741 2292 r.
762 2228 891 2292 dissert.
913 2229 948 2293 li.
972 2247 997 2295 ο.
1019 2231 1047 2295 3.
1070 2241 1099 2308 §.
1122 2235 1148 2301 1.

49 2330 180 2411 antiquis
203 2327 360 2391 assentior
380 2322 535 2406 βάσκανος
555 2343 575 2389 a
592 2326 750 2408 βαοναλντο
778 2326 947 2392 derivatum
968 2332 1150 2398 esseEiii.i

48 2429 106 2493 hoc
135 2435 236 2491 autem
259 2419 403 2506 οβοὶοκω
433 2425 603 2508 rumiioo,⁰
631 2432 662 2490 et
682 2421 858 2507 λάχανονο
883 2427 1018 2509 caputve
1042 2431 1168 2498 scindis·

50 2527 102 2591 0d.
123 2527 172 2591 ui.
196 2523 264 2590 116.
291 2524 404 2588 nescir.
427 2524 513 2605 Sept.
539 2523 610 2590 896.
638 2525 809 2604 desperat
836 2531 867 2590 et
894 2527 922 2591 si
949 2528 1072 2618 sincera
1098 2525 1149 2594 ost

110 2777 139 2844 7)
163 2775 187 2830 A
204 2774 337 2845 praesenti
356 2771 451 2824 cocao
470 2773 542 2827 ducit
558 2773 646 2828 Schol.
665 2772 738 2829 Pind.
756 2774 785 2828 P.
802 2775 847 2829 1v.
867 2776 925 2832 ior.
945 2779 1020 2844 cujns
1034 2777 1146 2836 intutum

48 2857 121 2910 oica
139 2857 200 2925 fingi
218 2860 304 2926 potest
323 2855 354 2909 ad
375 2856 524 2924 exerupium
540 2857 589 2908 τοῦ
608 2860 692 2908 autom
711 2860 757 2909 καὶ
777 2857 879 2909 πλάτα.

109 2943 138 3010 8)
165 2944 195 2996 ln
214 2939 310 2994 adnott.
330 2939 363 2992 ad
381 2938 475 2992 Buttm.
496 2939 606 2994 Gramm.
626 2943 659 2995 ΙΙ.
685 2942 744 2999 388.
775 2942 809 2997 de
835 2941 886 2996 hoc
910 2945 1065 2998 contrarium
1090 2945 1144 3000 dixi

48 3042 76 3081 ac
93 3027 171 3080 volni.
459 3045 460 3050 ¹
757 3041 759 3048 ·
1128 3041 1131 3050 ’

109 3110 137 3178 9)
153 3106 301 3176 Hesychius
322 3103 423 3158 Βτὶσκω
449 3105 609 3174 κακολογῶ,
629 3112 774 3160 Βασκαίνω
791 3110 958 3178 μέμφομαι,
982 3113 1144 3180 Παρίρασκε

47 3193 200 3263 propietates
219 3189 370 3246 iascinando
393 3193 470 3258 puta,
493 3193 522 3242 ut
541 3194 567 3245 et
585 3193 762 3256 germanicum
779 3190 886 3246 verbum
906 3191 1046 3246 descireieo
1063 3195 1111 3250 diii
1126 3228 1142 3243 .

48 3278 126 3332 mandi
148 3281 174 3332 et
191 3273 339 3328 incantandi
356 3271 561 3340 significationes
582 3275 769 3341 complectitur.

109 3361 152 3427 10)
177 3357 313 3425 Odysseae
330 3359 459 3425 interpres
477 3355 663 3411 disertissimus
683 3357 714 3411 ad
733 3357 776 3412 IX.
796 3359 853 3414 116.
872 3371 905 3412 ex
918 3372 952 3413 eo
968 3360 1038 3428 quod
1052 3361 1140 3416 Schoi.

47 3443 162 3499 Nicandri
180 3438 356 3510 λοχειτλνὶοολ
371 3436 540 3508 λαχοφλοιος
562 3441 743 3508 interpretatur
761 3440 855 3509 δασύς,
879 3445 1058 3509 conjecturam·
1079 3443 1142 3500 iecit

46 3527 200 3584 homericum
217 3523 325 3580 verbum
342 3523 423 3586 νῆσος
438 3520 537 3591 λάχεια
554 3521 703 3589 significare
720 3523 887 3580 frutectosam
909 3526 1047 3594 dumisque
1070 3527 1140 3582 don.

46 3625 102 3680 ram,
120 3625 172 3666 uno
191 3607 272 3664 verbo
289 3606 383 3660 dictam
401 3611 427 3662 et
445 3605 564 3673 ejusdem
584 3608 671 3674 stirpis
698 3621 758 3662 esse
782 3606 869 3676 λάχνη
894 3614 921 3664 ολ
942 3606 1074 3677 λάχανον.
1108 3610 1140 3664 ld

46 3697 65 3748 si
81 3710 168 3752 rernm
187 3698 236 3758 est,
257 3690 328 3759 quod
346 3689 409 3743 mihi
427 3689 534 3758 quidem
551 3690 607 3744 veri
627 3691 785 3745 simillimum
804 3689 919 3759 videtur,
937 3691 1009 3746 oiora
1029 3690 1140 3760 λάχανα

47 3777 186 3833 dictasunt
204 3775 238 3830 ob
258 3773 321 3828 iolia
339 3777 426 3841 crispa
447 3777 473 3830 et
499 3771 604 3840 hispida
631 3773 778 3842 eademque
801 3777 904 3828 mutatis
929 3777 1050 3829 consonis
1073 3774 1138 3843 βρά-

47 3880 118 3913 κονα.
152 3860 201 3914 His
218 3857 315 3914 similia
333 3862 392 3911 sunt
408 3855 513 3926 βράσκη
532 3855 664 3922 brassica,
688 3857 810 3927 βλάχνον
833 3861 890 3913 siue
913 3857 1033 3925 βλῆχνον
1051 3854 1105 3909 iiiix
1123 3871 1138 3910 a
1202 3875 1204 3884 ¹

48 3941 90 3998 iiis
109 3945 202 4011 crispis
222 3941 397 4007 denominata,
414 3938 566 4007 atpttpoo
580 3941 686 4008 speeies
705 3941 826 3998 menthae
844 3941 927 3996 aiiinis
946 3942 971 3996 oi
989 3951 1057 4007 quae
1070 3953 1139 3994 nunc

48 4026 130 4081 dicitur
155 4027 242 4094 crispa
266 4023 358 4076 λνολλοο
381 4025 498 4076 Medeae.
539 4021 722 4093 Παλλάχανον
744 4023 889 4093 κρόμμυον
912 4025 974 4080 Hes.
1001 4037 1061 4076 num
1085 4022 1138 4080 huc

48 4112 171 4177 pertineat,
189 4109 291 4168 nescio.

75 4193 178 4244 Lodeck.
193 4192 330 4254 Patdolog.
891 4170 930 4238 12
