2768 4994
217 275 288 346 m
549 273 876 341 nissnnrnrto
906 274 954 340 dt

217 459 370 526 amoueo
389 457 469 508 rouo
489 439 668 506 derivatum.
710 439 922 506 Arocahuiis
941 426 1033 522 inrp'c
1058 438 1178 522 primae
1210 446 1245 502 et
1268 444 1339 502 ter·

218 544 280 608 tiae
300 540 532 606 declinationis:
558 535 677 624 ὀνήσιος
696 535 840 622 συνήθης
859 540 926 604 Edi.
947 539 987 604 ab
1010 535 1088 620 ἔνης,
1104 536 1166 599 nisi
1190 535 1249 599 iile
1273 553 1340 599 no-

217 657 287 706 nren
313 639 480 706 etesiarum
505 639 701 721 interpretari
734 639 849 722 voluit,
883 633 1054 719 Μανόσιον
1087 635 1238 716 oppius
1270 629 1339 698 ἀιό

217 735 337 804 Μόνον
366 737 471 820 steph.
485 737 512 780 ¹⁹
541 738 580 802 ab
608 730 780 820 Εὐφράτης
813 753 879 803 non
905 737 1007 800 solnm
1034 727 1248 816 Εόφραιίπις
1278 735 1339 798 sed

217 837 308 904 etiarn
335 829 542 923 Εόφρατησόα
568 835 649 918 apnd
677 837 850 918 scriptores
879 835 1082 914 christianos,
1109 835 1164 916 qni
1188 837 1338 898 fortasse

215 937 342 1004 latinum
372 937 597 1018 Euphratensis
632 941 856 1016 expresserunt
882 953 910 998 r.
940 935 1069 1014 [interpr.
1103 933 1145 997 ad
1171 935 1337 998 Ammian

215 1037 291 1104 xit.
313 1035 344 1119 8,
363 1037 391 1102 t.
433 1035 571 1118 Utroque
592 1035 728 1100 certiora
748 1041 821 1098 sunt
842 1029 1336 1117 όιειήσιοςοιέρραιησῑαχόμ,

216 1151 278 1219 quo
300 1135 418 1200 Cernes
440 1133 478 1198 ad
499 1134 577 1198 Pint.
600 1133 633 1198 T.
656 1134 692 1198 li.
710 1132 782 1198 456.
804 1132 884 1200 adeo
907 1133 1043 1198 offensas
1065 1141 1114 1197 est
1130 1140 1167 1196 ut
1180 1129 1337 1216 ἐργάταις

216 1234 313 1302 νόσοισι
334 1234 489 1314 corrigere
511 1233 647 1316 auderet,
668 1239 700 1296 et
721 1232 840 1314 plurale
860 1227 1054 1315 νυβερνόοια
1095 1231 1143 1297 Ite
1162 1231 1337 1316 βιοτήσιος

216 1333 347 1400 dubitari
368 1339 474 1415 potest
494 1341 594 1398 utrum
616 1350 635 1397 a
661 1327 749 1414 βιοτή
775 1331 815 1394 sit
842 1347 883 1394 an
910 1349 929 1396 a
956 1327 1061 1414 βιότης
1085 1337 1119 1396 ut
1149 1327 1335 1416 ἑνοοὴσιος,

215 1427 386 1516 computos,
415 1427 595 1514 φιλοτήσιος
621 1439 651 1496 et
677 1430 834 1512 gentilicia
860 1429 915 1493 illa
935 1429 973 1494 de
995 1431 1107 1512 cadus
1131 1449 1239 1512 supra
1262 1435 1335 1513 egi-

214 1547 282 1598 mus
305 1525 402 1613 δέρης
420 1531 479 1594 τού
500 1525 634 1614 Βίρητος
654 1524 803 1613 Βερήσιος
824 1521 867 1602 ὦς
893 1527 1087 1612 Φαγρύσιος,
1112 1522 1335 1616 Ἀδρυμὴσιος

215 1629 320 1712 stopo.
342 1629 394 1712 qni
416 1629 456 1694 ob
477 1622 745 1712 intramissor
764 1629 870 1693 raaiait
890 1627 929 1692 ad
946 1621 1069 1710 Ἇκέλης
1089 1630 1214 1694 referre
1233 1651 1333 1714 quarn

214 1729 254 1794 ad
271 1721 385 1810 Ἀκέλη.
426 1728 492 1793 Νσο
512 1735 598 1794 certo
620 1735 745 1794 constat
758 1727 796 1792 de
810 1721 973 1810 ἀροιήσιος
986 1735 1016 1792 et
1030 1723 1221 1810 γενετὴσιος,
1244 1749 1332 1812 qnae
1381 1753 1382 1756 ¹

214 1828 253 1894 ad
279 1823 392 1910 ἄροτος
420 1833 451 1892 et
470 1820 600 1910 όρόιης,
628 1823 732 1910 pecori
763 1833 795 1890 et
819 1821 942 1908 γενόνης
969 1828 1087 1908 paritor
1117 1832 1332 1896 conveniunt.

214 1927 300 2004 Quae
326 1927 393 1992 iota
417 1927 541 2008 longum
570 1927 700 2009 habam,
734 1932 805 1990 ante
832 1941 982 2007 percursa
1009 1933 1098 2006 sunt3
1123 1927 1185 1990 huc
1218 1928 1332 1995 distuli

213 2026 365 2108 Acrisius,
385 2041 515 2108 quorum
533 2027 619 2090 multi
638 2027 718 2090 inter
738 2042 798 2090 nos
818 2025 924 2088 rivam
945 2025 985 2089 ab
1004 2025 1111 2105 inopia
1126 2025 1244 2105 Jndicii
1260 2046 1329 2092 no-

211 2142 282 2190 men
301 2125 414 2208 adepti,
436 2123 492 2190 sed
512 2142 591 2190 nnus
613 2125 653 2190 ad
671 2131 812 2190 nostram
834 2140 959 2187 cansam
980 2125 1114 2204 pertinet
1133 2118 1194 2186 ἀπ’
1221 2122 1329 2210 &pag

210 2216 296 2297 τινός
322 2219 471 2307 defflere
497 2221 711 2288 denominatas
738 2231 771 2288 ut
791 2223 963 2302 Hesychius
991 2240 1017 2287 s.
1035 2217 1141 2302 ’Λιιρόα
1169 2225 1327 2303 prodidit

209 2325 246 2391 ln
266 2307 352 2398 οἶός
372 2338 452 2405 qnae
472 2329 583 2386 exeunt
604 2323 706 2386 omnia
733 2320 771 2386 ad
799 2319 874 2384 illud
902 2337 1000 2402 genus
1028 2323 1204 2387 reseruntur
1233 2327 1326 2405 qnod

212 2421 311 2502 sigma
332 2438 370 2486 ex
392 2426 568 2484 tannetum
589 2419 683 2485 habet
707 2415 887 2497 Θεοδόσιος,
914 2416 1117 2502 αροηρόσιος,
1138 2419 1323 2503 δεσπόσιος,
1382 2465 1383 2476 2

211 2517 295 2602 qnod
316 2518 444 2584 Gramm.
466 2520 564 2584 Ceam.
585 2519 608 2583 Ι.
631 2518 681 2603 36,
702 2517 752 2584 29.
777 2536 845 2583 cnm
864 2514 977 2594 ἱιιέσιος
1003 2522 1170 2604 componit,
1196 2524 1325 2588 uruvdo
1381 2489 1383 2590 i

210 2618 262 2685 σόα
281 2610 302 2701 ἡ
321 2612 422 2700 πόρνη
448 2618 535 2682 Eust.
564 2610 712 2681 ἀπὸτοῦ
737 2612 839 2682 πάντα
864 2619 940 2681 πᾶσι
965 2615 1096 2684 διδόναι.
1148 2617 1322 2703 Δρμόσιος

209 2723 311 2783 tamen
332 2733 351 2780 a
370 2715 468 2799 δῆμος
488 2717 616 2798 propius
637 2717 751 2782 adesso
772 2716 892 2781 ridetur
913 2735 1003 2798 quam
1024 2715 1197 2803 αδημόοης.
1234 2725 1320 2789 Aliis

210 2814 387 2896 regionibus
415 2813 602 2896 adscriptum
629 2824 677 2880 est
705 2808 745 2880 τὰ
770 2812 862 2879 κύσια
888 2811 955 2898 ἥτις
976 2813 1041 2880 ἐστὶ
1064 2815 1229 2902 κατάληξις
1255 2828 1319 2889 τοῦ

208 2908 284 2998 peu&
305 2907 361 2978 τὸν
381 2908 490 2978 ἑκατόν
510 2906 659 2996 ἀριθμοῦ,
678 2911 830 2993 διακόσια,
851 2911 1011 2998 τριακόσια
1032 2918 1103 2983 sci.
1123 2921 1220 2984 Arist.
1235 2924 1317 2989 neh.

210 3015 364 3111 Quae
393 3015 527 3078 sortasse
555 3029 618 3077 non
646 3014 795 3078 catalonis
825 3023 872 3079 est
899 3016 956 3080 sed
983 3033 1057 3097 pars
1088 3020 1233 3082 nominis.
1277 3023 1318 3087 In

210 3129 316 3188 ουσιος
337 3129 432 3194 saepe
454 3112 645 3176 declinantur
665 3112 793 3177 localia:
821 3109 928 3194 Λάμος
946 3111 1102 3197 ποταμός,
1123 3112 1159 3181 τὸ
1180 3113 1316 3185 &dccxcv

208 3209 389 3294 Λαμούσιος
409 3247 450 3258 -
471 3207 631 3292 Μύραθος
651 3209 883 3308 Μαραθούσ-ιος
899 3209 942 3289 ὡς
956 3212 1134 3290 Καδούσιος
1154 3255 1185 3264 -
1205 3216 1314 3302 Θρόμ-

208 3317 263 3399 βας
286 3304 510 3394 Θραμβούσιος·
540 3304 637 3392 ὁγὰρ
664 3307 716 3375 διὰ
736 3314 794 3377 τού
815 3329 880 3388 σιος
907 3309 1003 3388 τύπος
1022 3317 1080 3379 τοῦ
1100 3315 1314 3396 cccccccccc

207 3409 267 3478 δύο
289 3411 453 3493 συλλαβαῖς
473 3406 647 3492 περιττεύει,
669 3411 695 3474 εἰ
714 3407 757 3494 μή
778 3434 824 3486 τις
844 3414 968 3496 βραχεῖα
987 3413 1157 3497 παραγωγὴ
1179 3411 1308 3496 γένοιτο.

209 3511 418 3594 &oppetenda
448 3501 485 3572 τὸ
516 3505 694 3590 Περκώσιος
720 3509 772 3576 καὶ
794 3508 974 3593 decederes
997 3515 1103 3595 Steph.
1128 3513 1310 3596 Πηλούσιον

208 3606 380 3693 coerce
402 3600 463 3672 dut
483 3610 541 3672 τοῦ
561 3611 662 3691 epae
686 3613 788 3677 strae.
809 3612 898 3677 xvn.
917 3612 988 3678 eoa.
1010 3651 1051 3662 -
1063 3615 1098 3678 ln
1111 3599 1199 3688 ἧς
1212 3633 1308 3696 prac-

209 3717 255 3776 ter
282 3711 353 3793 iila‚
381 3723 460 3790 qnae
485 3710 549 3788 jam
572 3709 675 3792 attuli,
698 3719 810 3776 exeunt
829 3713 956 3794 propria
980 3708 1139 3786 Φαλόσιος
1159 3715 1249 3780 Paas.
1269 3717 1306 3782 Χ

207 3809 264 3892 38,
292 3810 320 3874 t.
348 3801 511 3887 Λαρύσιον
538 3801 611 3888 ὅρος
638 3808 684 3874 111.
705 3808 754 3874 22.
772 3804 938 3890 Ἠλύσιον,
966 3830 1096 3895 quorum
1127 3815 1213 3895 origo
1243 3832 1306 3879 non

275 4024 318 4091 19)
343 4023 480 4079 Transmisi
498 4021 662 4087 Γαλλόσιον,
681 4023 825 4090 Koudetos,
845 4023 996 4096 καρχήσιον
1013 4033 1041 4084 et
1060 4027 1111 4082 alia
1129 4030 1237 4096 originis
1254 4044 1302 4086 aa·
1381 3989 1382 4030 ἢ

207 4120 258 4174 qne
275 4108 387 4175 ignotae.
