2770 4992
251 235 304 300 DE
325 235 417 301 MUT.
439 235 597 302 runhnh
620 236 771 304 uhusts.
805 237 837 302 C.
853 238 888 303 ll.
910 245 939 314 ς.
957 239 1002 304 lb.
1137 241 1179 308 51
1289 231 1293 240 ’

77 401 270 484 distinguunt,
293 417 430 480 ποιησαι
450 403 640 482 conmotus,
665 406 909 487 ακιίίκκιαηκκ,
931 405 1047 483 καίοι,
1069 408 1180 469 maat-

76 519 135 581 aa,
170 498 361 580 eosdemque
383 507 414 563 et
443 508 591 580 posteros
621 504 907 582 praepositionibus
928 503 1044 567 nomini
1066 501 1179 568 abditis

76 600 280 687 demonstrant
295 603 424 678 ctooas,
441 604 587 680 atnepos,
603 599 758 680 abamita,
779 601 931 682 abnepos,
949 617 1106 681 prosocer
1119 608 1178 666 etc.

75 704 101 761 et
110 696 258 761 interdurn
272 698 481 762 numeralibus
498 702 647 778 tattaeus,
669 702 831 779 trinepos;
854 717 934 779 quae
947 701 1072 764 nomina
1084 717 1178 780 qurum

77 798 253 880 Theophilus
279 797 509 860 Institutionum
531 798 686 877 interpres
712 799 835 878 graecis
863 799 1025 862 vocabulis
1047 799 1176 864 reddere

74 897 170 979 uellet,
200 897 337 958 facticiis
359 897 404 961 uti
426 901 555 960 coaetus
577 902 626 958 est
646 888 850 975 ἀνιόναιικος,
879 889 1066 980 όιιομόμμη,
1086 891 1178 979 ἀκόν-

72 1016 168 1074 pavos,
196 989 404 1076 πρόπαππος,
432 991 618 1076 accolebant,
647 993 837 1073 ὁίεπαππος,
865 996 1070 1077 valeamve,
1098 1019 1177 1079 rats·

72 1089 195 1176 όγηονος,
216 1089 398 1176 νριςεγγόνη
419 1094 441 1158 l.
464 1093 511 1158 11.
532 1094 581 1158 111.
602 1093 629 1158 6.
650 1110 722 1158 nam
743 1093 853 1158 Graeci
875 1111 1034 1175 perpauca
1055 1094 1093 1160 tle
1113 1096 1175 1160 hoc

71 1183 171 1274 genere
192 1189 370 1256 delibarunt
391 1189 611 1275 ἐνιι’κιασαιος,58
630 1187 780 1274 ἐπατήθη,
802 1189 963 1276 rapothae,
985 1189 1174 1277 aposabvbs·

71 1314 130 1375 ρος,
150 1287 348 1374 νριτέγγονος
370 1291 472 1358 Gloss
492 1285 685 1373 τρικοπάνωρ
705 1309 734 1355 u.
759 1285 910 1374 Aglaoph.
933 1291 1003 1357 760.
1037 1294 1093 1358 llis
1115 1293 1174 1358 ad-

69 1392 144 1470 jungi
171 1407 228 1473 par
257 1395 309 1454 ost
330 1389 484 1454 voeabula
513 1389 625 1469 quihus
654 1389 796 1454 cardines
821 1391 933 1454 aetatis
956 1388 1174 1474 designantur3

71 1505 139 1570 quae
160 1491 266 1556 omnia
287 1495 361 1552 sunt
380 1488 691 1566 ίισίοιοαγαιακαῖς,
713 1482 888 1570 μειράκων,
915 1490 1054 1566 νεανίας,
1082 1484 1172 1574 ἀνήρ,

69 1583 173 1669 γέρον,
193 1581 386 1669 αρεσβόνης,
410 1593 441 1649 et
462 1587 495 1648 in
514 1586 612 1650 altero
635 1604 714 1653 sexu
733 1590 807 1660 παῖς
828 1604 854 1652 s.
871 1586 1031 1671 παιδίσκη,
1053 1589 1169 1672 palpat,

70 1689 174 1767 νεᾶνις,
195 1683 299 1769 pipp,
319 1686 491 1768 αρεσβῦνις.
514 1684 599 1748 Haeo
622 1686 809 1750 correlative
831 1687 943 1752 aetatis
965 1686 1068 1752 liuere
1091 1706 1172 1770 pos·-

71 1803 163 1854 sumus
187 1787 272 1850 siout
298 1785 352 1848 illa
379 1801 458 1866 quae
486 1800 588 1864 supra¹
605 1791 635 1858 s.
652 1785 682 1849 4.
703 1785 834 1848 tractavi
857 1780 973 1865 (κόρος,
994 1781 1073 1868 κόρη
1096 1787 1169 1867 etc.)
1238 1865 1241 1872 ι

72 1885 245 1950 correlative
268 1901 375 1951 sexus.
413 1883 521 1963 Neque
543 1882 619 1946 latet
639 1883 788 1954 nonnulla
810 1900 882 1946 esso
902 1885 1051 1948 utrohbet
1070 1901 1172 1966 versa,

71 1984 389 2064 praemissarum,
412 1980 504 2045 motio
528 1986 661 2044 aetatem
682 1981 870 2064 significant,
889 1999 971 2062 paor
991 2019 1032 2028 -
1049 1983 1172 2066 pactta,
1216 1987 1217 1990 ’

70 2079 213 2165 ᾔθεος-
233 2083 323 2156 obstes
343 2082 393 2146 vel
419 2075 585 2162 παρθένος,
596 2080 624 2120 ⁵⁹
644 2073 724 2161 ἀνήρ
746 2115 787 2126 -
806 2074 928 2161 prmlffl'
949 2086 979 2143 et
1000 2085 1033 2141 ut
1054 2079 1092 2142 de
1112 2080 1171 2144 be-

70 2184 127 2246 stiis
149 2199 275 2264 quoque
298 2180 411 2263 dicam,
433 2171 588 2261 όίεκιορίς
609 2179 753 2259 gallinam
776 2185 807 2242 et
828 2179 943 2261 pullum
965 2178 1169 2258 gallinaceum

72 2281 208 2365 ostendit,
235 2281 364 2363 χίμαιρα
383 2295 507 2360 capram
529 2279 562 2341 in
582 2277 635 2341 illo
659 2277 791 2358 Oppiani
813 2277 894 2360 loco,
917 2277 990 2342 alibi
1011 2278 1171 2358 capellam.

70 2379 126 2443 Hoc
149 2381 186 2445 de
215 2386 398 2460 argumento
427 2380 549 2442 luerunt
574 2377 812 2459 Aristophanis,
838 2376 975 2459 Didymi,
1008 2375 1171 2441 Alexionis
1268 2455 1272 2462 p

72 2481 271 2543 commentarii
294 2477 468 2558 singulares
482 2470 611 2558 ἡλικιῶν
624 2467 789 2555 ὀνομασίαι
809 2474 960 2557 inseripti,
982 2477 1093 2557 quihus
1107 2493 1172 2540 non

71 2577 210 2644 hominurn
228 2578 333 2642 solum
346 2575 403 2640 sed
425 2575 559 2638 omnium
579 2575 745 2646 viventium
767 2575 920 2640 voeabula
946 2576 1171 2656 comprehensa

127 2828 170 2895 58)
197 2827 266 2881 Cum
285 2829 535 2884 παααεπίκαιιπος,
555 2823 624 2892 quod
641 2825 733 2891 Pollux
749 2824 921 2880 vehementer
938 2824 1080 2894 improbat,
1098 2825 1170 2881 hlei-

73 2910 154 2965 nelius
173 2913 200 2964 in
218 2910 295 2965 Com.
315 2908 416 2975 Fragor.
437 2909 470 2963 ll.
489 2909 548 2964 854.
574 2909 683 2962 contulit
699 2907 904 2965 ίειιτειιίίεατος
928 2913 956 2963 et
980 2908 1171 2978 φααίεπίριαο-

73 2992 116 3052 ίος,
134 3010 199 3063 quae
218 2995 252 3048 ah
275 2991 414 3048 emendata
434 2992 568 3046 locutione
589 2993 687 3059 pariter
704 2990 851 3046 abhorrent.
886 2990 943 3046 Nec
962 2989 1069 3044 multum
1088 2990 1174 3046 dillert

75 3075 209 3146 κνβόκυβος
232 3077 263 3131 id
289 3081 331 3132 est
353 3073 434 3143 κύβος
455 3073 500 3126 ἐπὶ
524 3071 598 3141 κύβῳ
617 3078 646 3127 ut
667 3072 821 3156 ἕπίπαππος
839 3074 984 3142 explicatur
1000 3070 1110 3131 πάππος
1127 3071 1172 3126 ἐπί

74 3157 171 3228 πάππῳ,
191 3161 329 3228 ἐπίτειχος
346 3161 364 3212 i.
379 3174 404 3227 q.
423 3163 515 3226 τεῖχος
533 3155 578 3208 ἐπὶ
596 3160 680 3224 τείχει
701 3161 751 3212 etc.
772 3187 804 3196 -
824 3157 899 3220 Quot
918 3157 1011 3212 Festus
1026 3156 1090 3212 dicit
1103 3157 1173 3209 ata-

74 3245 214 3298 teudisilus·
232 3244 294 3312 ηνὶπ
310 3249 348 3294 est
364 3258 427 3294 auus
443 3244 500 3305 aab,
529 3243 625 3292 Atoous
642 3235 756 3308 palaest
773 3247 829 3292 otto
846 3240 902 3305 aa,
928 3254 1018 3309 parum
1036 3240 1173 3309 probabile

77 3332 121 3393 est,
143 3329 189 3383 sed
205 3324 351 3395 improbior
369 3329 456 3378 tamen
472 3323 624 3380 Doederlini
649 3326 778 3379 sententia
803 3325 831 3376 in
848 3323 931 3391 Etym.
957 3323 1021 3390 ling.
1039 3324 1084 3378 lat.
1103 3339 1125 3379 s.
1144 3325 1171 3379 h.

75 3419 95 3459 r.
110 3409 238 3462 abacos
255 3437 289 3448 ·-
306 3409 490 3475 rodupttcntlon
506 3423 553 3458 oon
571 3423 678 3460 noas..

131 3492 174 3560 59)
192 3491 306 3549 'Hieros
322 3493 427 3560 proprie
448 3491 481 3546 de
500 3495 585 3546 aetate
605 3491 713 3545 dicitur:
739 3496 804 3560 παῖς
828 3482 861 3554 ἦν
880 3488 1043 3557 (Narcissus)
1065 3488 1173 3558 μᾶλλον

77 3571 101 3624 ot
116 3575 203 3639 ἠίθεος
223 3576 337 3630 Callistr.
355 3575 551 3633 suracusas.
573 3573 683 3644 Oppian.
703 3565 867 3630 natutae.
886 3573 1016 3629 interdurn
1034 3573 1171 3630 etiarnle-

79 3659 188 3714 minarum
214 3668 243 3715 ut
264 3661 374 3730 Eupolis
393 3657 459 3728 κόρη
479 3659 564 3726 ᾔθεος
582 3658 661 3722 dixit,
688 3672 765 3725 quam
783 3657 943 3726 posteriores
962 3662 1058 3725 poetae
1076 3658 1172 3723 ῆι9ίην

79 3748 172 3810 vocant;
196 3757 248 3800 nec
265 3759 307 3799 me
327 3743 437 3798 ostendit
454 3741 542 3813 ἄῤῥην
560 3743 652 3806 ἠίθεος
671 3755 696 3793 v.
715 3741 820 3796 Jacobs.
841 3739 874 3793 ad
892 3739 969 3794 Anth.
989 3742 1048 3798 697.

134 3826 177 3895 bb)
199 3826 272 3892 Γυνή
297 3825 385 3892 ἡλικία
410 3825 485 3896 παρὰ
510 3823 665 3894 Πυθαγόρη
688 3825 802 3893 Hesyeh.
827 3829 854 3877 ut
873 3822 1002 3880 Aristaen.
1025 3825 1046 3878 l.
1068 3825 1108 3890 13,
1127 3824 1168 3880 62.

81 3904 134 3974 κόρη
152 3912 197 3962 καὶ
213 3909 282 3980 γυνή
300 3916 380 3978 nupta
396 3912 545 3978 innuplate.
583 3909 735 3976 Quanquam
753 3905 819 3978 κόρη
843 3907 874 3957 ob
894 3905 983 3976 μόνον
1002 3905 1015 3970 ἦ
1033 3909 1173 3977 παρθένος
1223 3945 1226 3957 ,

80 3985 195 4066 ἀλλὰκαὶ
213 3992 227 4058 ἡ
245 3995 425 4064 γεγαμημένη
444 3993 505 4048 soh.
527 3992 577 4046 Od.
597 3992 688 4046 XVIII.
706 3991 765 4046 279.
787 3995 865 4063 Τρεῖς
881 3993 1016 4059 παρθένοι
1029 3989 1194 4058 'Euripides‘

82 4068 127 4136 hh.
144 4075 173 4130 n.
190 4079 231 4134 rs.
254 4092 301 4146 ηοο
321 4075 401 4147 κόραι
420 4076 494 4130 σοι.

911 4155 960 4219 4η
