2750 4994
209 257 275 326 170
559 247 887 318 nissuurnrrc
924 248 960 315 u

207 416 360 508 αύζρνειιές
379 411 516 504 ῦιηνυιές
537 417 585 500 (ut
605 411 743 500 ζσβιὶλλω
763 410 936 496 diotimo)
957 415 1043 489 λλνος
1064 413 1193 490 αἴλινος,
1204 413 1233 454 ¹⁰
1252 413 1310 476 lieri

208 539 306 608 posse
328 518 478 586 concedet
492 523 525 580 nt
539 511 643 598 Σύμη,
663 510 789 598 Λισύμη
803 521 834 578 et
852 510 975 598 Οισύμη
987 514 1068 579 idom
1082 529 1198 576 nomen
1212 513 1312 590 λοισι,

207 617 303 705 ἅλμη
325 627 437 684 autern
454 615 579 698 ypsilon
607 622 718 678 natura
737 614 831 678 breve
852 613 947 677 hahet
975 621 1008 676 ut
1030 619 1135 676 cetera
1163 610 1314 690 disyllaba

208 719 312 804 Δύμη,
336 713 442 800 Κύμη,
465 709 605 796 Στρύμη.
648 713 814 776 Multorum
843 729 905 776 una
931 713 1024 776 nobis
1052 711 1189 792 innotuit
1212 712 1314 790 torna,

209 839 229 888 a
249 815 344 902 πέρας
363 811 504 898 πρυμνὸς
523 813 589 878 ΕΜ.
608 810 679 894 693,
701 812 751 876 34.
775 811 1018 888 exenssayoeali
1032 817 1066 874 ut
1080 806 1267 892 διαπρύσιος
1280 845 1316 856 -

209 921 249 988 ab
276 912 359 1000 λρύο
386 907 518 996 λρνμνύς
545 911 728 992 discrepans
756 911 884 992 proprio
914 909 1051 989 Erymna
1078 910 1181 974 Valet.
1218 909 1316 973 Flaco.

207 1019 258 1088 lll.
281 1016 350 1084 194.
373 1011 456 1098 qnod
478 1028 496 1077 a
518 1009 731 1076 Grammaticis
753 1009 919 1089 significari
938 1008 1058 1072 ridetur
1074 1027 1102 1073 v.
1116 1008 1234 1072 Parall.
1251 1005 1317 1071 422.

210 1118 249 1184 ab
271 1113 339 1190 ἕλος
356 1110 467 1194 ἔλυμος
486 1107 553 1176 ΕΜ.
585 1108 641 1174 sed
663 1114 694 1172 et
723 1103 864 1190 ἐλύμνιαι
889 1105 978 1171 δοκοὶ
1004 1101 1151 1190 ὀρόφιναι
1179 1108 1258 1172 Hcs,
1291 1111 1318 1168 el

205 1209 374 1297 Ἐλύμνιον
393 1210 479 1278 urbis
501 1223 622 1272 nomen.
665 1207 706 1270 Et
727 1222 859 1288 quorunr
881 1208 968 1289 origo
990 1210 1022 1271 in
1040 1208 1200 1273 oblivione
1219 1211 1318 1287 jacet:

209 1309 377 1394 θέλυμνον,
398 1305 627 1392 evocavere,
655 1300 835 1388 ἆταλύμνσυ
855 1303 998 1388 δάκρυον
1025 1307 1090 1372 Nlo.
1117 1301 1320 1387 Λεπέτυμνος

210 1433 238 1478 r.
260 1411 375 1478 Niclas.
399 1407 438 1474 ad
457 1408 559 1486 Antig.
582 1422 608 1470 o.
636 1406 725 1471 xvu.
773 1402 957 1489 Εύρυμνος,
979 1409 1040 1472 nisi
1066 1407 1146 1472 idem
1177 1413 1231 1470 est
1259 1400 1321 1468 Εύ-

211 1531 316 1594 pvpog.
358 1509 434 1576 'lum
457 1506 617 1572 feminina:
646 1500 801 1586 Λάρυμνα
827 1524 895 1571 cunr
925 1507 1038 1589 plurali
1068 1502 1215 1586 Λώρυμα
1243 1521 1322 1569 con·

212 1613 313 1678 iusum
333 1627 362 1676 v.
385 1604 555 1672 Tzschook.
577 1603 616 1668 ad
637 1605 706 1669 Mol.
726 1605 762 1670 ll.
784 1604 813 1688 3,
835 1605 864 1670 6.
888 1608 1048 1688 simileque
1069 1605 1230 1686 adjectivo
1247 1621 1324 1669 eva-

210 1709 284 1776 nido
306 1699 485 1789 Λυρυμνόν
505 1698 669 1786 βαθύτατα
693 1700 861 1768 κατωτάτω
882 1706 955 1768 llcs
972 1702 1143 1788 Νύνυμνα,
1169 1703 1323 1787 Πρόσυμ-

210 1829 261 1887 να,
282 1801 427 1888 Λνιιύμνα
449 1796 617 1885 ἀκρόπολις
636 1799 798 1886 ἐπώνυμος
816 1805 875 1868 τοῦ
904 1807 1079 1888 Λικυμνίου
1107 1805 1215 1870 Strub.
1246 1804 1323 1868 vul.

211 1907 282 1976 313.
305 1900 459 1988 Καλύμνα
482 1919 543 1966 nna
570 1903 738 1966 insularum
767 1903 971 1983 Calydnarom
1000 1905 1036 1969 X.
1063 1904 1134 1969 189.
1161 1904 1256 1968 Enst.
1285 1902 1324 1966 ad
1363 1926 1365 1998 χ

211 2007 302 2072 Dion.
323 2005 394 2074 530.
416 2018 546 2085 quorum
568 2007 729 2066 accentum
751 2005 870 2067 comos
893 2005 1054 2084 corrigere·
1070 2003 1219 2086 neglexit,
1232 2002 1261 2044 ¹¹
1294 2007 1325 2066 et
1365 2026 1367 2084 χ

212 2111 322 2170 neutra
343 2099 521 2184 Λύτυμυον,
539 2096 706 2183 Ἀρύμνιον
726 2107 784 2166 eto.
806 2137 847 2148 -
867 2101 945 2165 Num
966 2119 1041 2166 vero
1064 2119 1121 2183 pro
1135 2109 1158 2165 ν
1170 2119 1325 2166 nonnun-

213 2219 304 2288 quam
331 2206 462 2268 ascitum
492 2203 533 2266 sit
553 2201 641 2283 heta,
670 2200 751 2265 haud
771 2201 897 2281 perinde
930 2208 1055 2265 certum.
1077 2243 1080 2250 -
1106 2202 1139 2266 si
1165 2198 1323 2285 χηράμβρ,

214 2301 297 2385 qnod
316 2300 470 2390 indubiam
491 2299 584 2363 habet
606 2316 674 2363 curn
689 2294 770 2383 χὴμη
784 2302 1009 2383 cognationem,
1031 2300 1070 2366 ad
1083 2303 1214 2382 χηραμις
1228 2320 1324 2367 oonr·

213 2417 368 2484 paramus,
390 2398 512 2463 labialis
532 2399 623 2461 litera
643 2399 776 2481 liquidae
799 2398 1033 2463 adminiculandi
1054 2416 1151 2464 causa
1177 2402 1327 2466 subnexa

213 2498 351 2580 videtum
372 2503 482 2563 contro
502 2504 551 2562 est
573 2498 601 2561 si
623 2497 662 2561 ad
681 2493 786 2580 χήραν
808 2504 839 2561 et
858 2497 1001 2580 χηραφις,
1023 2515 1084 2580 qua
1104 2500 1155 2562 via
1173 2503 1327 2581 suspicor

215 2615 235 2662 a
254 2592 346 2677 κέρας
367 2597 405 2661 ad
426 2591 572 2678 κάραβος,
594 2595 741 2677 deinceps
763 2596 802 2660 ad
822 2592 1008 2680 ιερύμβηιος
1029 2613 1215 2678 processuro
1237 2617 1326 2684 esse,

3 2731 5 2740 ‚
119 2757 122 2766 ,
216 2703 247 2760 et
267 2713 288 2758 a
307 2691 440 2776 σύλαβος
461 2696 527 2759 sire
548 2692 667 2778 σαλύβη
687 2695 726 2758 ad
747 2691 896 2779 οαλύμβη,
919 2696 1002 2794 quod
1024 2696 1252 2778 Glossographi
1273 2700 1327 2763 vel

215 2812 236 2859 a
256 2793 359 2858 σάλιοι
381 2795 549 2859 derivatum
570 2801 679 2875 putant
701 2795 774 2875 quia
794 2796 950 2860 fenestrae
965 2795 1075 2859 erebro
1089 2797 1121 2857 in
1136 2803 1224 2859 motu
1237 2805 1326 2882 sunt,

214 2894 266 2960 rel
287 2912 305 2958 a
326 2890 423 2972 σέλας,
446 2893 513 2974 pari
534 2899 695 2973 utrumque
717 2894 944 2973 probabilitate.
987 2889 1156 2976 Κύρυμβος
1177 2903 1326 2962 neutram

217 3010 425 3058 consonarum
446 2993 579 3056 nativam
601 2992 715 3056 habero
738 2991 852 3056 olorum
874 2994 990 3056 iaciunt
1011 2999 1144 3073 cognata
1167 2990 1269 3079 κύρση
1292 3004 1326 3062 οι

215 3086 321 3173 ιιόρυς,
343 3095 424 3156 sicut
444 3109 461 3154 e
482 3087 607 3175 κορυφή
628 3092 782 3172 colligitur
803 3092 1021 3156 inmutabilem
1042 3091 1196 3157 secundas
1226 3111 1326 3176 agere

285 3369 329 3438 10]
347 3369 494 3439 Hesychius
512 3370 645 3426 Θύσσεται
662 3371 826 3432 τινάσσεται,
846 3372 1020 3443 Θυσσύμεναι
1036 3373 1186 3443 σειόμεναι,
1206 3392 1260 3445 quo
1277 3381 1326 3434 in.

216 3454 326 3514 tellectu
347 3458 388 3509 est
407 3453 496 3523 φύλλα
516 3455 706 3525 αἰύυσσόμενα
725 3459 751 3510 in
769 3457 866 3525 Sapph.
884 3457 925 3512 Fr.
945 3459 986 3513 lV.
1011 3459 1060 3514 sed
1083 3458 1135 3512 lroc
1152 3461 1239 3527 ipsurn
1256 3477 1327 3520 ver.

217 3539 279 3594 burn
302 3536 471 3592 Ruhnkeoius
502 3538 533 3592 ab
561 3539 693 3607 Hesychio
720 3543 842 3608 scripturn
865 3546 946 3609 putat.
986 3542 1042 3598 Nee
1066 3546 1163 3598 certius
1188 3546 1327 3617 atmttyyq

221 3620 290 3691 apud
308 3620 421 3676 eundern
438 3637 484 3690 pro
503 3622 612 3692 ὠλιμμν.
649 3625 768 3691 Ineptum
787 3624 851 3678 illud
871 3625 933 3679 Seli.
952 3624 1030 3679 Arist.
1055 3625 1140 3680 Nobb.
1165 3629 1239 3686 1215.
1267 3643 1328 3697 ψα-

219 3704 267 3776 pala
284 3705 365 3761 ἵππος
389 3702 443 3755 ἀπὸ
466 3705 515 3758 τού
538 3710 651 3775 palpatu
671 3705 685 3759 ὃ
708 3708 793 3778 ταχύς
818 3707 887 3762 ὅθεν
910 3713 956 3762 καὶ
974 3708 1101 3780 armoque.
1135 3711 1192 3767 Nec
1210 3713 1328 3772 audeam

219 3790 330 3842 nondnis
342 3785 432 3851 αἰζηός
445 3789 572 3854 originem
580 3793 729 3857 conjectare
743 3807 775 3848 ex
788 3793 914 3862 Hesychii
927 3795 1015 3862 glossa
1027 3792 1158 3862 μινύζηον
1172 3795 1327 3865 ὁλιγύμιαν.

259 3904 332 3984 ..11)
350 3901 519 3972 Πολύδαμνα
534 3901 569 3962 ὡς
582 3904 725 3975 Μήθυμνα
743 3908 832 3965 Schol.
852 3909 901 3964 uu.
921 3910 963 3964 lv.
980 3909 1039 3966 228.
1060 3909 1234 3980 similiterque
1253 3929 1327 3982 quae

219 3987 247 4038 in
265 4006 294 4044 ος
311 3992 407 4043 exeunt
427 3987 466 4057 μὴ
485 3988 583 4057 ἔχοντα
603 3989 718 4052 θηλυκά,
730 3992 877 4063 Ἆτνμνος,
894 3991 1047 4062 Λύκαμνος,
1065 3997 1207 4062 Αἴσυμνος
1224 3997 1326 4056 ginand,

218 4069 261 4126 62.
279 4071 414 4140 Σέλεμνος
432 4072 509 4127 Paus.
529 4071 585 4128 llll.
603 4072 646 4141 23,
664 4075 688 4132 1.
