2758 4994
176 266 229 330 DE
252 265 468 331 NOMINIBUS
490 265 531 330 ΙΝ
550 269 573 330 ιῖ
591 266 849 334 EXEUNTIBUS.
877 269 909 334 G.
924 270 957 334 V.
981 279 1011 345 ς.
1027 271 1056 336 2.
1101 273 1169 343 229

64 433 239 510 Δίκτυννα
269 431 352 514 quod
372 431 498 513 saepius
520 447 581 495 uno
600 434 622 494 ν
642 432 796 516 scribitur,
819 450 838 496 a
858 441 962 500 moute
983 435 1080 500 Dicte.
1121 437 1168 501 Er

61 533 136 596 aliis
158 531 425 595 terminationibus
446 534 569 610 practer
589 531 747 610 proprium
767 526 910 614 Κερύνης
930 537 1080 599 succurrit
1097 523 1167 599 'lt-

60 627 162 714 ρύνης
181 626 256 704 ὄνος
271 623 462 712 τετριμμένος
482 628 554 693 lies.
576 627 614 692 ab
637 628 745 692 eodem
765 631 861 694 verbo
883 631 962 695 unde
982 631 1168 715 τρυσίιττιιον

61 722 263 812 ὁχαρακτὴρ
288 729 352 792 τῶν
379 721 570 809 τετρυμένων
596 732 627 790 ct
648 743 746 808 acque
773 727 864 793 dubia
890 730 999 813 Ίέρλνη
1026 725 1166 814 puerpo-

59 823 141 910 μένη
163 829 237 894 HcS.
257 821 374 909 τορύνη
393 819 414 909 ἡ
435 819 706 908 καταπεπονημένη
726 827 841 890 Anccd.
856 827 978 892 Buchm.
992 830 1013 894 l.
1026 829 1096 895 449.
1117 829 1165 895 ni

58 935 234 992 extremum
254 925 412 1010 βασυνίας,
435 927 523 1006 quus
546 926 632 1006 origo
652 926 737 1007 latet,
760 931 790 990 et
810 923 983 1009 στηθύνιον
1002 928 1165 1010 Phrynichi

53 1025 176 1104 jndicio
197 1024 380 1089 damnatum.

150 1148 182 1214 §-
202 1139 231 1205 2.
273 1140 425 1204 Usitatam
451 1138 597 1204 Romanis
619 1154 797 1221 paragogen
818 1139 966 1220 colonus,
993 1143 1162 1222 patronos,

57 1241 226 1317 matroon,
249 1255 405 1318 caupona,
429 1254 560 1302 concon
578 1243 636 1301 etc.
660 1235 797 1302 Graecos
811 1255 934 1318 qnoque
949 1240 1175 1320 trequcmasse

57 1335 206 1414 exempla
226 1333 384 1400 declarant
406 1335 446 1400 ad
465 1335 577 1400 Buttm.
598 1354 627 1418 p.
652 1336 723 1402 405.
744 1337 915 1417 proposita.
947 1337 1009 1402 Sed
1029 1354 1165 1418 graeco-

58 1449 128 1496 rum
150 1434 307 1499 uominum
328 1437 427 1515 major
447 1435 598 1516 varietas,
627 1435 808 1516 pracsertim
831 1436 1052 1500 femininorum.
1088 1436 1165 1501 Pars

59 1533 142 1596 enim
158 1533 455 1613 paraschcmatismo
469 1539 592 1598 constat
609 1529 740 1615 γόγγρος
750 1529 921 1617 γογγρώνη,
940 1529 1028 1618 χέλυς
1039 1531 1163 1617 χελώνη,

59 1625 194 1712 ἄτρυτος
210 1624 394 1714 Ἀτρυτώνη,
421 1635 500 1694 θνῑα
522 1626 642 1714 (θνιύς)
668 1626 791 1716 Θυώνη,
819 1651 893 1714 pars
921 1635 1164 1697 terminationem

59 1730 294 1810 significabilcm
308 1733 431 1814 habent,
453 1748 490 1794 ac
503 1731 689 1812 gentiliciam
702 1730 832 1816 quidem,
849 1726 1011 1815 Ἀργειώνη
1025 1725 1164 1816 ἡἙλέυη

59 1828 198 1910 Tlreogn.
222 1850 252 1912 p.
275 1831 367 1895 115.⁰
388 1831 426 1894 ci.
449 1830 611 1893 adButtm.
628 1829 697 1894 440.
720 1833 961 1911 patronymicum
970 1823 1161 1914 Ἀκρισιώνη,

55 1926 230 2013 Αἰνειώνη,
254 1916 382 2010 Ῥειώυη
410 1927 493 2010 quod
521 1928 720 2009 Theoguosto
749 1927 934 1994 reddendum
955 1948 984 2010 p.
1006 1929 1075 1996 115.
1103 1947 1160 2011 pro

51 2022 203 2113 Ἡριώνη,
225 2029 275 2092 vel
296 2043 335 2091 err
356 2044 393 2091 eo
415 2041 528 2108 genero
550 2025 632 2107 qnod
648 2026 903 2094 denominativum
920 2028 1047 2093 dicimus
1064 2024 1162 2112 βρύον

56 2125 194 2212 βρυώνη,
217 2123 350 2209 ἅργεμον
370 2118 541 2207 ἄργεμώνη,
557 2117 676 2208 ictum
696 2118 749 2188 διὰ
765 2119 823 2208 τὴν
837 2121 982 2207 ἐργασίαν
998 2129 1062 2191 τών
1076 2122 1162 2191 otoo

58 2228 166 2311 Steph.
188 2233 219 2291 at
240 2220 384 2307 Matinium
405 2218 467 2287 ἀπὸ
487 2224 542 2287 τού
561 2218 660 2305 μέθυ,
684 2223 740 2288 scd
761 2225 789 2290 si
807 2225 881 2290 illud
903 2225 941 2290 ab
962 2221 1056 2310 ἅλων,
1078 2244 1159 2310 arca,

56 2327 138 2392 unde
159 2319 278 2390 ἁλωνλα
299 2332 334 2389 ut
354 2318 472 2406 ἀγωνία
492 2323 531 2386 ab
546 2315 662 2406 ιἰγών,7
682 2340 745 2387 uon
760 2322 830 2404 plus
844 2323 904 2387 huc
918 2326 1051 2405 pertinet
1069 2342 1160 2406 quam

57 2435 175 2509 cetera,
195 2425 306 2508 quibus
329 2425 453 2487 nomina
472 2424 505 2486 in
525 2408 574 2485 οἷν
591 2421 788 2505 praecedunt,
809 2428 843 2485 ut
859 2425 1072 2506 patronymica
1088 2415 1161 2488 ’He-

56 2522 170 2609 τιώνη,
198 2517 428 2606 Ἠλιιιτρυώνη,
455 2529 487 2586 et
514 2521 790 2614 paraschematista
815 2517 964 2602 μιλτδών,
996 2517 1159 2605 μελεδώνη,

57 2622 197 2706 Κύρτων
217 2615 388 2704 Κνρτώνη,
419 2621 531 2700 Sisapo
555 2621 708 2702 Sisapone
729 2637 757 2682 v.
780 2620 890 2685 Parall.
912 2621 980 2688 146.
1007 2626 1039 2685 ct
1060 2620 1160 2686 deno-

56 2725 206 2789 minativn
227 2739 246 2785 a
265 2715 398 2804 μελσδών
417 2712 637 2802 μελεδωνός-α
655 2713 768 2799 λειμών
788 2715 948 2804 Λειμώνη,
971 2737 989 2784 a
1008 2721 1158 2784 similibus

57 2817 205 2906 Μηκώνη
227 2813 415 2902 ermetem
434 2819 559 2882 Aeneae
580 2815 641 2880 iilia
661 2816 788 2896 Dionys.
809 2819 894 2882 Antt.
915 2819 938 2883 l.
959 2817 1008 2883 49.
1029 2813 1158 2900 ἰασιώνη

57 2922 164 2987 herba.
205 2918 384 2982 Eustalhius
413 2916 452 2980 nd
480 2915 569 2979 Dion.
596 2913 666 2979 327.
693 2910 772 2978 κατὰ
801 2911 969 3000 Παλλήνην
994 2911 1088 2992 τόπος
1114 2939 1159 2991 τις
1255 2957 1257 2962 -

56 3015 137 3086 κατὰ
156 3010 370 3100 παραφθορὰν
395 3012 525 3097 Τσρώνη
544 3007 704 3096 ledones
725 3015 896 3095 significare
909 3014 1029 3078 uidetur
1045 3030 1157 3078 noman

58 3140 95 3186 cx
121 3113 241 3202 τορύνη
269 3124 369 3181 ortum
395 3131 476 3210 esse.
523 3113 606 3180 ldcm
633 3114 672 3178 nol
698 3113 731 3177 ll.
760 3132 789 3196 p.
813 3113 882 3194 942,
903 3113 933 3178 4.
961 3107 1098 3188 κολοιούς
1127 3120 1158 3178 et

122 3371 154 3438 6)
171 3367 228 3423 Hoc
245 3367 304 3421 loco
323 3363 428 3434 χελώνη
453 3363 484 3416 τό
514 3381 543 3417 τε
567 3364 635 3426 ζῶον
661 3363 708 3415 καὶ
731 3359 746 3414 ὃ
770 3365 906 3432 στέφανος
926 3364 1079 3419 lacunosum
1102 3368 1157 3427 esu

56 3460 114 3526 post
132 3453 203 3517 ζῶον
220 3450 318 3506 excidit
336 3449 383 3501 καὶ
401 3446 431 3500 τὸ
448 3446 561 3499 τοπικὸν
575 3443 680 3514 χελώνη
699 3444 713 3510 ἡ
733 3446 813 3518 ἄκρα,
832 3444 971 3515 εἰρεσιώνη
985 3444 999 3498 ὁ
1013 3448 1156 3514 στέφανος,

58 3554 108 3608 qno
128 3536 250 3602 exemplo
274 3534 352 3588 utitor
375 3530 538 3587 llcrcrlianus
555 3529 639 3598 Eplm.
657 3529 716 3586 229.
746 3529 795 3584 Pro
816 3528 904 3593 Ἶζιύνη
929 3527 1094 3585 scribendum
1111 3533 1156 3579 Βι-

58 3621 132 3686 ζώνηΙ
149 3619 192 3674 vol
206 3615 314 3681 Ἰτώνη,
340 3629 386 3685 pro
404 3613 534 3683 Χρνσώνη
553 3611 567 3678 ἦ
585 3611 657 3683 πηγή
680 3613 790 3668 sonasse
805 3611 933 3686 Βρνσώνη
952 3609 966 3676 ἡ
984 3607 1065 3679 πηγή.
1083 3609 1156 3664 Fon-

58 3712 107 3762 tem
124 3703 219 3769 vulgus
233 3697 329 3770 βρύοιν
344 3705 429 3753 vocat.

121 3787 152 3855 7)
176 3783 254 3853 Apud
276 3782 377 3837 Atticos
401 3782 472 3838 idcur
497 3782 631 3848 utriusque
657 3779 822 3846 intellectus,
853 3779 922 3848 apud
949 3779 1015 3831 alios
1039 3774 1156 3831 diversus

59 3871 145 3926 Sclrol.
164 3867 227 3923 Eur.
247 3867 311 3922 Hec.
331 3867 388 3922 311.
421 3864 460 3919 Ab
479 3863 572 3936 ἄκρον
593 3865 726 3918 summitas
751 3862 895 3931 proiectum
917 3861 1019 3916 videtur
1036 3858 1156 3928 ἀκρωνία

60 3956 201 4024 ἄθροισμα
219 3950 247 4004 id
267 3954 308 4006 ost
327 3949 445 4004 cumulos
462 3947 602 4004 llcrodiau.
622 3948 649 4000 iu
666 3945 728 4000 Soli.
748 3945 822 4000 Eum.
843 3945 900 4002 181.
918 3950 948 3998 nt
970 3941 1078 4011 βουβών
1094 3948 1155 4010 μου.

60 4039 151 4102 βωνία.
170 4033 243 4090 ·se‹l
261 4039 288 4089 ci
306 4030 338 4087 ab
359 4033 436 4087 aliter
451 4032 594 4088 terminatis
612 4025 737 4100 πλατογιὶ
754 4026 951 4098 πλαταγώνισν,
970 4027 1040 4096 ιλρον
1054 4025 1158 4096 ripuaria

63 4117 121 4184 [uisi
138 4117 193 4173 irco
209 4115 317 4171 fortuito
335 4114 474 4182 congruit).
