2772 4992
66 279 142 344 DE
154 279 249 344 hoii.
264 279 429 356 QUORUM
443 279 557 344 CHAR.
573 280 650 345 list
663 281 868 347 DENTALIS.
891 283 923 347 C.
937 283 984 348 IV.
1004 291 1033 358 §.
1046 287 1075 348 4.
1104 285 1174 357 377

32 437 193 526 ἀλείτης,
216 451 269 507 ant
289 451 323 508 ut
344 445 490 508 usitatum
511 437 624 526 ἀλήτης
645 453 811 508 mutaretur
831 447 863 508 in
885 439 1001 530 ἀλελτης
1014 448 1075 512 lcnl
1090 467 1171 530 qua-

33 543 136 606 darn
163 545 234 606 soni
264 543 470 608 declinatione
499 561 560 624 qua
582 544 719 608 Graecos
747 545 785 608 ad
808 546 994 609 colorandas
1017 552 1170 628 conjuga-

33 649 167 705 torum
188 643 427 722 significationes
451 660 545 723 saepe
567 659 644 706 usos
673 659 745 706 csse
774 650 912 725 constat,
940 645 990 708 vol
1019 647 1110 709 etiam
1137 650 1170 710 in

32 735 184 822 ἀλίτης,
215 745 303 820 cujus
330 743 463 821 vestigia
484 747 651 822 supersunt
671 743 703 803 in
725 742 877 820 synthetis
899 741 1032 824 διηλλτης
1058 751 1088 806 et
1111 767 1171 826 νη-

32 843 149 918 λῖτις,
172 840 253 919 quod
281 841 460 904 Eustathius
489 841 604 921 reperit
624 842 656 902 in
677 839 731 904 0u.
753 839 829 903 XIX.
857 839 928 906 498.
957 849 1100 923 γυναῖκες
1127 877 1169 890 --
1270 923 1274 931 Ι

34 939 87 1001 αἳ
115 940 247 1020 νηλιτιῖς
267 939 343 1002 εἰσιν
362 935 383 1021 ἢ
403 939 551 1022 νηλλτιδες
570 932 633 1001 ἀπὸ
654 933 778 1012 εὐθείας
802 935 977 1020 βαροτόνον
1006 935 1078 1004 καθ’
1109 937 1168 1006 ἑτέ-

38 1057 125 1117 ραν
147 1033 284 1119 γραφήν,
309 1044 339 1101 et
359 1039 387 1102 is
410 1040 461 1118 qui
488 1037 601 1102 Suitlae
627 1038 766 1117 glossam
794 1034 918 1120 νηλιτής
943 1033 961 1102 ὁ
989 1036 1169 1122 ἁμαρτωλός

43 1135 225 1215 supplevit
246 1135 306 1198 hoo
334 1136 427 1199 modo
455 1133 570 1200 τούτου
599 1138 671 1216 (τοῦ
691 1138 827 1220 νηλίτης)
856 1135 917 1201 ἐστὶ
944 1137 998 1202 καὶ
1025 1135 1168 1221 θηλυκὸν

36 1233 212 1315 νηλίτιόες
230 1230 265 1296 ἐν
281 1228 435 1320 ὈδυσσελΙ
467 1232 502 1298 ἐκ
521 1238 579 1300 τοῦ
600 1234 777 1318 βαρυτόνον
798 1233 971 1320 ἀρσενικοῦ.
1014 1237 1079 1302 Καὶ
1106 1236 1167 1304 ἔστι

38 1328 116 1414 μὲν
139 1327 160 1416 ή
183 1329 308 1416 δευτέρα
328 1329 464 1417 συλλαβή
486 1328 646 1416 ἀναλόγως
666 1331 764 1419 ἐντῷ
785 1337 891 1422 βιβλίῳ
915 1333 1016 1424 τούτῳ
1038 1334 1090 1401 διὰ
1109 1339 1167 1403 τοῦ

42 1435 65 1494 ῖ
76 1452 88 1465 ·
125 1432 159 1495 οἱ
184 1428 218 1496 δὲ
237 1431 368 1514 τεχνικολ
394 1429 446 1496 διὰ
473 1435 574 1516 τοῦή
602 1429 714 1508 εἰδότες
738 1428 838 1516 αὐτήν
867 1436 1024 1500 αἰτιῶνται
1048 1416 1168 1522 ἀραιήν

43 1533 120 1594 τοῦ
145 1531 164 1594 ι’
184 1532 227 1606 εἰς
245 1557 266 1616 η
289 1527 333 1606 ὡς
350 1529 532 1614 ψημύθιον,
554 1534 730 1614 significans
754 1532 808 1598 od.
829 1533 904 1599 XVI.
926 1536 996 1602 317.
1023 1543 1168 1619 γυναῖκες

44 1651 98 1676 -2
122 1632 158 1694 αἳ
178 1635 315 1714 νηλητεῐς
336 1631 393 1694 εἰσι
413 1632 464 1695 uhi
488 1633 591 1697 Schol.
616 1634 754 1714 σημαίνει
783 1627 856 1706 τοὺς
884 1628 1084 1716 ἁμαρτωλοὺς
1104 1632 1166 1702 ἀπὸ

45 1732 119 1793 τοῦ
149 1727 283 1813 νηλητής
308 1724 351 1804 ὡς
381 1724 508 1813 εὐσεβής
535 1725 680 1813 εὐσεβεῖς·
709 1732 803 1794 τοῦτο
829 1727 862 1793 δὲ
883 1725 945 1796 ἀπὸ
972 1739 1030 1798 τοῦ
1051 1733 1166 1800 ἀλιτεῖν

47 1823 143 1892 κατὰ
165 1824 285 1912 τροπήν
304 1828 453 1912 aroenae.
494 1833 596 1911 Atque
614 1832 690 1894 haee
710 1832 863 1911 scriptura
885 1833 1052 1897 translucet
1074 1835 1166 1900 etlam

49 1946 97 1992 ex
121 1928 269 2007 Hesychii
296 1931 405 2009 glossa
438 1925 583 2013 Νηλιιέες
613 1923 748 2011 ἀνηλεεῖς
777 1925 915 1990 ἀνοικτοι
946 1925 1164 2015 ἀναμάρτητοι,

48 2027 213 2090 namhoc
236 2027 356 2107 quidem
378 2027 417 2090 ad
437 2033 567 2111 νηλιτεῖς
588 2031 730 2111 pertinet,
753 2027 809 2091 sed
837 2029 922 2107 prior
949 2031 1163 2111 interpretatio

50 2126 96 2188 ad
119 2127 267 2207 νηλητεῑς,
291 2128 372 2207 quod
395 2135 523 2208 apparet
554 2128 719 2192 nonnullos
747 2144 803 2207 pro
832 2122 972 2210 νηλὲητοι
1003 2131 1187 2214 accepisse,

53 2224 200 2288 adhibito
230 2227 466 2307 metaplasmo.⁵
513 2228 581 2291 lloc
614 2229 732 2308 recepit
764 2226 932 2290 Barnesius
968 2229 1001 2290 in
1032 2235 1165 2308 utroque

53 2322 224 2402 Odysseae
246 2325 327 2407 loco,
349 2326 477 2389 Wolhus
498 2329 626 2408 νηλιτιῐς
649 2343 687 2389 err
707 2331 779 2389 vett.
806 2325 880 2389 Edd.
913 2327 1051 2410 retinuit,
1081 2328 1165 2407 quod

52 2423 170 2485 nescio
200 2439 261 2502 qno
291 2426 431 2505 exemplo
462 2424 583 2488 delendi
611 2424 731 2505 possit;
798 2419 907 2506 μερτής
934 2441 998 2488 non
1026 2426 1165 2506 quadrat.

53 2521 141 2585 Nihil
163 2537 239 2584 vero
262 2521 448 2587 difficultatis
470 2524 561 2586 habel
580 2523 710 2605 cptiones
731 2521 777 2603 (ul
804 2517 937 2604 νήστιες)
959 2525 1008 2587 rel
1035 2525 1166 2606 νηλλτεες

54 2620 199 2702 νηλλτεις,
222 2636 279 2684 neo
301 2621 444 2702 displicet
464 2618 610 2705 νηλήτεις·
630 2639 700 2685 nam
729 2619 811 2701 quod
838 2637 895 2702 pro
924 2615 1037 2705 ἀλήτης
1066 2625 1166 2687 ambi-

55 2720 188 2800 guitatis
210 2720 352 2783 vitandae
375 2739 469 2785 causa
490 2729 647 2802 receptum
670 2727 718 2784 est
739 2713 850 2802 ἀλήτης,
871 2738 933 2784 non
963 2722 1088 2786 obstare
1115 2725 1166 2786 vi-

57 2821 149 2883 detur
171 2820 333 2900 quominus
357 2823 529 2900 composito
559 2823 686 2884 sormam
707 2821 863 2900 propriam
892 2819 1039 2884 redditam
1069 2823 1166 2886 iuuisse

58 2927 215 3000 putemus.
235 2953 276 2962 —
298 2917 385 2992 Quod
406 2926 504 2982 restat
526 2915 625 3000 ἀείτης
645 2920 756 2999 legitur
776 2920 807 2980 in
832 2919 970 2998 plurimis
993 2920 1079 2984 codd.
1101 2921 1166 3000 Lp-

60 3018 170 3098 cophr.
194 3017 264 3081 461.
287 3016 343 3079 sed
364 3017 445 3097 apud
468 3019 662 3082 Theocritum
685 3025 731 3080 ter
752 3017 783 3079 in
807 3017 946 3080 omnihus
975 3010 1076 3098 ἀΐτης,
1106 3035 1166 3088 nc-

60 3134 120 3197 que
145 3131 184 3178 ex
206 3122 307 3192 etymo
336 3115 495 3195 dijudicari
524 3123 630 3198 potest
658 3123 756 3179 utrum
794 3123 949 3195 praestet;
985 3132 1056 3179 nam
1082 3115 1165 3197 quod

61 3215 153 3280 Ottlr.
175 3213 341 3276 Muellerus
364 3215 507 3294 opinatus
531 3223 577 3280 est
600 3217 631 3280 in
653 3217 725 3280 Dor.
750 3215 782 3278 T.
804 3215 838 3278 ll.
860 3213 929 3278 290.
958 3215 1018 3278 hoc
1044 3217 1166 3278 nomine

128 3447 330 3518 5J1lpollonius
349 3449 390 3504 lV.
409 3451 467 3507 703.
486 3449 591 3515 νηληεῖς
610 3452 698 3509 ἱκέτας
716 3452 780 3505 dixit
797 3451 838 3506 vel
859 3466 905 3506 eos
925 3463 990 3518 quos
1013 3463 1089 3504 nemo
1115 3449 1166 3502 ad-

58 3537 112 3590 huc
129 3532 310 3588 misericordia
327 3535 467 3601 impertivit
485 3549 570 3603 nequo
590 3535 659 3588 domi
680 3541 802 3602 receptos
818 3535 932 3602 expiarit
947 3532 1078 3587 ueletiam
1090 3531 1166 3586 valde

61 3617 245 3684 miserabiles,
265 3617 471 3680 secuturarum
493 3615 657 3671 Aristarchus
681 3631 734 3670 non
751 3615 958 3684 ἀναμαρτήτους
985 3617 1168 3682 interpretatus

61 3710 103 3760 est
120 3702 169 3758 scd
189 3699 439 3768 notoapaoziwvc
474 3701 504 3756 ln
523 3700 599 3754 codd.
618 3701 741 3768 scriptum
761 3705 802 3754 est
819 3699 947 3762 νηλειεῖς,
968 3697 1038 3765 quod
1064 3712 1079 3750 a
1104 3697 1166 3749 vul-

62 3793 123 3855 gato
144 3799 197 3840 nun
217 3785 292 3840 aliter
311 3783 397 3838 differt
416 3799 492 3852 qnam
511 3784 632 3841 εὐκλεΐας
649 3789 676 3838 el
693 3782 844 3852 ἀγακλῆος,
868 3785 1027 3832 πενθείετον
1053 3785 1079 3836 el
1104 3797 1166 3830 πεν-

62 3867 173 3932 aditor,
193 3867 343 3934 ἀκαχιίατο
364 3873 390 3922 et
406 3865 548 3935 ἀκαχήατο
568 3873 619 3921 etc.
639 3867 686 3922 sed
703 3869 810 3920 suavius
829 3869 903 3918 sonat
920 3863 1013 3926 νηλήες
1035 3868 1063 3916 ut
1085 3861 1168 3930 χήρηι

63 3951 213 4007 Aristarcho
235 3951 333 4017 placuit
349 3965 395 4018 pro
412 3953 508 4019 χέρεια
544 3950 668 4004 Similiter
686 3952 817 4016 antiquam
835 3949 988 4016 scripturam
1012 3945 1105 4009 ἀλέτης
1124 3947 1168 3998 alii

64 4040 90 4090 in
108 4035 213 4098 ἀλειτης
229 4034 341 4088 vertisse
360 4033 487 4100 ridentur,
507 4033 551 4088 alii
571 4034 598 4087 in
616 4031 721 4097 ἀλήτης,
740 4032 810 4100 quod
827 4033 933 4098 saepius
959 4029 1055 4097 legitur
1079 4025 1167 4098 ἀμορ-

66 4117 150 4172 τολόν
167 4115 327 4184 significans.
