2768 4994
14 1184 54 1196 -
116 1109 158 1178 §-
190 1101 219 1166 1.
261 1101 456 1168 Herodianus
480 1122 512 1166 π.
534 1105 620 1168 Μον.
650 1121 679 1184 p.
699 1104 752 1170 34.
778 1102 915 1184 regulam
943 1102 1097 1168 nominum
1124 1102 1157 1166 in

18 1222 63 1276 ας
84 1216 219 1280 purum
239 1202 415 1266 exeuntium
436 1219 607 1284 exponens,
630 1197 762 1285 βορέας,
789 1201 986 1284 δρακοντίας,
1018 1196 1154 1279 Μινύας,

18 1298 119 1362 addit
160 1298 284 1380 μυρίαν
310 1295 374 1362 ἐστὶ
402 1303 525 1383 πλῆθος
556 1297 708 1366 τοιούτων
736 1295 908 1384 ὀνομάτων.
956 1301 1043 1366 Hanc
1077 1317 1153 1364 vero

20 1397 211 1460 milliarum
232 1399 392 1464 cobortem
414 1400 619 1480 particulatim
639 1401 793 1464 distribuit
816 1400 1036 1465 Grammaticus
1055 1399 1153 1464 Crem.

20 1495 74 1560 ru.
99 1495 189 1562 335.
212 1492 272 1560 ὅσα
292 1497 335 1571 εις
354 1484 392 1573 ῖς
410 1493 646 1579 macoma
665 1495 725 1562 ooo
745 1494 914 1582 συλλαβὰς,
941 1500 1023 1586 ιρι
1049 1520 1155 1579 καρα-

21 1588 166 1675 operm
193 1595 323 1669 Nealces·
342 1592 364 1680 ἢ
384 1598 428 1684 τῷ
446 1585 467 1662 ἒ
483 1592 614 1679 Αὐγέας,
639 1595 782 1672 Πυθέας·
802 1593 824 1681 ἢ
844 1599 889 1685 τῷ
915 1584 943 1660 {c
967 1597 1110 1672 Αἰνείας·
1131 1592 1153 1680 ἢ

21 1693 70 1777 τῷ
93 1689 123 1756 ὗ
146 1689 323 1774 Μαρσύας.
366 1697 423 1762 Ηίι
442 1699 535 1777 igitur
556 1715 595 1762 ex
617 1698 808 1778 simplicibus
830 1695 991 1760 vocalibus
1020 1695 1154 1760 excludit

26 1791 131 1871 alpba
154 1798 327 1876 atelani
350 1795 558 1878 dipbtbongos
582 1814 688 1860 omncs
713 1803 836 1876 praeter
857 1781 894 1858 ιἰἶ
932 1795 998 1858 llos
1026 1796 1153 1860 canoel-

25 1888 80 1954 los
102 1908 197 1971 quac
220 1893 425 1977 egrediuntur,
442 1895 496 1960 ibe
510 1902 562 1958 aut
576 1895 665 1958 aliter
679 1896 797 1975 scripta
809 1895 924 1958 invenit
940 1900 992 1957 aut
1006 1911 1025 1956 a
1037 1910 1151 1974 graeco

29 2005 123 2054 more
148 2007 269 2054 aversa
289 1994 424 2072 putavit:
444 1993 595 2074 Αίχμαίας
615 1993 790 2072 Pytbiorum
810 1995 911 2057 victor
930 1993 1021 2055 Paos.
1042 1991 1078 2056 X
1099 1991 1151 2075 33,

27 2086 58 2150 8.
82 2106 149 2168 pro
175 2107 240 2170 quo
263 2091 331 2154 cod.
352 2091 446 2172 Lugd.
468 2089 601 2175 Αίηιίας
621 2094 759 2176 praebet,
785 2093 984 2172 simibterquc
1002 2083 1151 2172 Ἀμμαίας

33 2184 132 2251 Τίιαο.
155 2189 211 2252 111.
234 2188 283 2254 22.
304 2189 373 2253 libri
400 2192 505 2256 vitiosi
533 2209 590 2273 pro
615 2185 745 2274 ’Λμμέας
772 2192 871 2272 (recte
899 2208 975 2254 vero
1003 2183 1150 2271 Ἀμμαῖος

30 2283 188 2365 Dionysii
209 2287 276 2354 Hal.
299 2289 471 2373 familiaris)
491 2289 662 2371 Αίαχραίας
686 2291 800 2356 Herod.
828 2291 904 2356 Vlll
934 2287 982 2354 11.
1010 2305 1067 2369 pro
1094 2288 1150 2351 Al-

34 2379 167 2464 σηρέας,
206 2393 269 2450 tum
295 2388 432 2468 Kronios
458 2389 591 2470 Pbilippi
617 2391 795 2469 praelectus
820 2389 929 2468 Polyb.
956 2388 991 2451 V.
1015 2387 1069 2470 70,
1101 2385 1149 2453 10.

33 2497 128 2562 quem
153 2485 363 2550 casaubonus
385 2505 497 2554 nomen
518 2490 673 2554 Chaereas
694 2489 840 2552 babuisse
855 2487 1041 2568 suspicatur,
1063 2487 1149 2568 Κρα-

35 2579 125 2656 ιαίας
146 2583 297 2650 Archelai
317 2587 498 2652 interlector
518 2590 550 2654 in
570 2589 711 2652 omnibus
732 2587 819 2650 libris
834 2586 964 2650 aristot.
984 2584 1050 2649 Pol.
1071 2585 1106 2649 ll.
1118 2584 1148 2650 8.

36 2678 93 2744 scd
121 2683 258 2751 eundem
288 2682 430 2766 Κραςίαν
455 2688 563 2752 vocari
590 2686 797 2752 Schneiderus
829 2683 984 2764 ostendit;
1007 2677 1149 2765 Ἰμίλκων

41 2778 194 2860 deportes
223 2783 356 2866 Appian.
381 2785 455 2850 Pun
479 2803 504 2850 o
526 2785 576 2852 97.
603 2787 655 2868 qui
684 2803 703 2848 a
730 2785 852 2850 Zouaua
882 2777 1007 2865 Φαβίας
1028 2782 1147 2865 dicitur,

38 2877 205 2964 piscisque
231 2899 344 2946 nomen
372 2901 567 2966 summopore
595 2885 744 2948 uariatum
765 2884 905 2964 περαίας,
925 2876 1043 2963 πιρέας,
1064 2902 1147 2964 παρ-

41 2973 116 3055 δίας,
138 2985 272 3063 φεραῖος
292 2983 388 3046 Arist.
408 2982 444 3056 ll.
465 2985 543 3050 Anu.
565 2983 641 3048 lllll.
662 2983 690 3046 2.
712 3001 742 3065 p.
756 2982 826 3048 591.
848 3000 875 3047 a.
898 2981 947 3046 23.
964 2968 1090 3054 Ἀλιάας
1115 2987 1148 3045 et·

41 3075 222 3158 Kouralios,
252 3097 381 3161 quorum
407 3081 481 3146 illud
508 3099 577 3146 cum
601 3076 702 3156 Ἀλιός
729 3088 760 3146 ot
781 3075 968 3159 ἀλεύασθαι,
996 3081 1147 3146 boccum

43 3172 171 3260 Κράτης
194 3186 225 3242 et
247 3173 387 3259 Κρατέας
407 3182 563 3263 congruit,
591 3181 727 3245 tortasse
748 3188 915 3264 propterea
943 3181 1046 3244 omisit
1075 3182 1148 3261 quia

43 3277 207 3352 epentbesi
229 3284 321 3342 aucta
342 3279 460 3358 putavit
481 3286 514 3342 ut
534 3276 664 3354 Κλιύας.
706 3280 934 3362 llipbtbongum
948 3265 980 3344 ὦ
995 3279 1149 3342 vocabula

45 3383 158 3446 graeca
179 3376 368 3456 πατραλοίας
390 3385 421 3440 et
440 3379 625 3460 μητραλοίας
638 3397 657 3442 a
671 3380 823 3461 primitivo
839 3378 1000 3444 deductam
1011 3377 1145 3456 babent3
1270 3370 1274 3376 ’

46 3465 123 3534 demi
145 3475 234 3538 attici
251 3468 409 3556 Ἐροιάδαι
430 3484 461 3541 ct
482 3479 599 3559 proprii
620 3473 806 3560 Χαροιάδης,
828 3476 911 3558 quod
939 3483 968 3541 ot
988 3471 1147 3556 Χαριάδης

49 3569 194 3635 scribitur
215 3591 243 3637 v.
265 3575 394 3656 interpr.
417 3576 456 3641 ad
478 3575 570 3639 Tbuo.
592 3576 629 3640 ΙΙ.
650 3575 702 3642 86.
726 3578 813 3657 origo
834 3578 942 3657 ignota
962 3581 1028 3654 ost3
1054 3575 1146 3638 Butt-

48 3679 158 3733 manno
183 3671 279 3737 baril.
300 3674 322 3738 l.
345 3674 413 3740 146.
435 3677 462 3740 si
483 3675 553 3756 quis
575 3676 764 3739 assentiatur
784 3671 830 3754 ίρι
853 3681 884 3737 et
904 3666 997 3756 οὐρά,
1014 3665 1147 3752 Ἔρυτος

51 3768 78 3824 et
96 3763 242 3849 Εὔρυτος
262 3789 357 3836 voces
387 3781 536 3854 cognatas
564 3789 651 3854 csse,
678 3771 758 3836 baud
785 3771 962 3853 gravabitur
986 3765 1147 3855 Ἐροιάδης

51 3873 104 3938 pro
133 3861 303 3952 Εὐρυάδης
331 3873 482 3954 accipere.
531 3872 641 3936 Parum
668 3871 861 3952 exploratum
889 3877 938 3934 cst
955 3863 1093 3952 Ἀρκοίας
1114 3873 1147 3934 in

52 3955 474 4049 matbematicorum.
502 3969 603 4034 Anall.
631 3969 734 4052 Epigr.
756 3989 785 4052 p.
806 3969 855 4035 75.
882 3971 1017 4051 sepcies
1041 3969 1146 4034 Indiae

53 4053 157 4128 iuvius
178 4067 298 4134 Arriam
339 4068 517 4151 nequditor
538 4070 671 4136 barbara
692 4075 764 4134 sunt
786 4063 951 4152 Βραδούας
971 4089 998 4136 v.
1019 4070 1146 4150 Kayser.
