2770 4992
6 104 9 241 Ϋ
198 275 259 343 -nn
280 276 419 343 nomm.
438 275 481 342 m
500 261 540 342 ᾗ
558 275 819 345 nxnunnmus
848 278 880 344 o.
894 277 916 345 1.
937 279 1009 355 cc.
1121 283 1167 353 oo

63 446 132 527 quia
151 443 305 527 pituitosa
325 449 357 508 at
378 443 503 525 pmgnia
522 444 622 508 nitere
637 443 753 530 solent,
770 443 876 520 ολιιλος
890 444 987 528 adeps
1007 445 1117 514 dicitur
1135 459 1167 516 et

64 545 221 627 adipatus,
252 544 311 618 οῦς
334 541 440 617 ciclos
460 545 591 624 placate
624 546 656 607 ct
685 544 806 609 ciddos
833 544 912 610 dccc
942 551 1060 612 curata
1092 555 1166 616 cctc

60 661 192 726 porcos,
217 659 281 706 unc
302 642 399 707 verbo
419 638 565 724 λιπαρός,
592 640 756 723 additaque
776 644 922 725 guitmali
943 641 1093 727 οινολόεις
1108 647 1166 712 τήν

63 743 158 827 tidus,
185 743 336 806 oculeicoec
356 743 424 806 sivo
443 742 612 824 σνγοιλῶσνιι
637 741 767 806 nitidare
795 748 826 806 et
852 743 1036 825 νεοσίγαλος.
1087 749 1166 812 Sunt

4 894 5 903 ,
63 860 134 910 veno
155 843 218 906 alia
239 843 332 906 altius
353 842 512 906 abstrusa:
539 841 686 905 Σιλνολοι
706 842 861 922 nequitiae
881 843 1059 928 praesides,
1081 845 1166 928 poco

63 959 174 1007 nomen
193 941 366 1006 Meinekius
387 942 470 1006 Com.
490 939 608 1021 Fragm.
631 940 663 1004 Τ.
682 939 718 1004 ΙΙ.
739 938 809 1005 353.
831 957 899 1005 cnm
919 937 1034 1007 eutecio
1058 943 1166 1025 factitio

4 1073 5 1083 ι
64 1043 243 1126 comparat,
276 1040 329 1105 alii
356 1038 564 1121 cacempbetis
591 1037 774 1121 σκλνδοιρος,
809 1041 1012 1122 σκινθαολζντ,
1051 1053 1164 1125 occepe-

63 1144 128 1220 λλζω
156 1141 290 1206 similius
311 1145 428 1222 putant.
469 1141 504 1205 ln
526 1139 629 1204 Gloss.
649 1133 785 1222 νήδοιλον
801 1155 907 1219 pcnoc
928 1145 959 1204 ct
975 1156 1082 1221 pecco
1102 1137 1164 1227 κή-

63 1242 157 1306 ὁαλον
186 1241 347 1320 corrigunt
368 1241 461 1320 pects
495 1255 534 1303 ex
559 1237 715 1319 Respecto
746 1233 894 1320 Κήδαλον
923 1238 1045 1304 ολδοῑον
1070 1235 1164 1323 κέρας

63 1337 270 1423 madoco,
304 1338 415 1419 quibus
443 1340 471 1404 si
496 1337 675 1402 adhibemus
696 1336 823 1401 verbum
843 1337 882 1401 ab
903 1337 1012 1404 eodem
1032 1341 1161 1406 relatum

62 1435 194 1524 Κηδάζει
220 1437 366 1520 καθαίρει
389 1436 554 1520 νιηᾶαλλζτι,
584 1443 615 1500 et
637 1435 676 1500 ad
696 1436 773 1499 baec
793 1437 1018 1502 meminerimus
1037 1444 1161 1504 veteres

4 1516 7 1603 Ρ
63 1541 97 1606 ad
124 1538 305 1623 pmgandas
333 1535 444 1601 sordes
472 1533 579 1600 caudis
605 1534 755 1614 leporinis
783 1533 967 1617 bubulisque
990 1554 1066 1602 usos
1088 1555 1161 1604 esse

4 1662 8 1706 t
62 1655 115 1720 pro
138 1635 294 1719 penicillis
314 1653 343 1700 v.
363 1635 457 1699 Arist.
477 1635 555 1715 lqu.
576 1631 645 1698 909.
676 1633 756 1714 ling.
776 1635 853 1699 Mon.
874 1633 923 1700 23.
951 1651 1015 1701 non
1036 1635 1161 1701 dubita-a

61 1737 158 1801 bimus
179 1737 308 1802 latinum
330 1734 411 1799 codo
431 1732 575 1816 primitivi
593 1731 665 1795 loco
687 1731 807 1799 ducere.
815 1733 846 1774 ²⁰
887 1733 976 1809 Quod
990 1751 1066 1799 vcro
1079 1735 1159 1802 idem

4 1889 5 1898 ,
62 1836 147 1900 alieri
166 1834 295 1898 aldclov
314 1825 483 1916 κρόμμυον,
505 1831 634 1912 propius
655 1831 805 1896 accedere
826 1830 945 1895 videtur
966 1831 1159 1914 udalscalco,

62 1952 119 2015 ouo
149 1934 271 1998 Gracci
286 1950 370 1998 nunc
396 1937 531 1998 crustam
555 1931 646 2011 panis
673 1931 845 2010 significant
865 1931 994 1996 similem
1015 1931 1160 1998 folliculis

63 2049 224 2116 caeparum
246 2032 434 2113 aliarumque
455 2032 590 2113 bugum,
621 2047 702 2111 quos
723 2030 839 2110 antiqui
859 2029 989 2111 χιτῶνας
1017 2037 1048 2095 et
1077 2034 1160 2097 tuni-

65 2150 114 2197 cas
140 2132 245 2196 dicere
272 2131 421 2196 solent²1
461 2130 585 2194 Interim
611 2128 689 2193 baec
717 2145 755 2192 co
777 2129 877 2192 minus
899 2145 1066 2213 assevero,
1096 2148 1158 2211 quo

3 2253 8 2310 ‚t
65 2233 148 2312 plara
167 2235 291 2304 testam
308 2228 546 2312 inexplicabilia,
565 2227 650 2292 velut
671 2227 815 2292 arbomm
828 2228 952 2292 nomina
966 2223 1159 2310 θραύνναλος,

3 2313 7 2455 'p
65 2326 217 2413 πρόμαλον
246 2336 278 2394 et
306 2329 501 2394 animantium
528 2321 679 2408 ἅστοαλος
705 2320 845 2408 ὁννρός
865 2325 938 2394 Hes.
947 2328 976 2368 ²²
997 2322 1158 2408 diodotus,

3 2614 5 2664 p
63 2589 218 2656 προαίρεσιν
237 2585 365 2654 (sputum)
382 2581 397 2637 ὃ
416 2583 446 2636 δὲ
465 2583 556 2641 σίαλον
572 2581 730 2651 αὐτομάτως
747 2584 804 2653 ῥεῖ,
830 2582 878 2639 sed
897 2597 949 2637 non
966 2589 1082 2640 servatur
1100 2585 1158 2640 dis·
1229 2635 1231 2641 .

64 2670 164 2725 odmen.
199 2668 294 2726 Σιαλλς
309 2668 418 2735 βλέννος
433 2667 497 2723 Hcs.
514 2668 558 2724 vel
574 2668 693 2737 pituitam
712 2665 861 2734 significans
877 2665 921 2722 vel
937 2667 1038 2737 piscem
1048 2667 1160 2736 βλέννον

3 2773 5 2795 ι
63 2753 171 2807 similem
187 2752 279 2820 mugili
301 2753 357 2807 sive
373 2753 490 2820 μνξλνῳ,
511 2765 571 2806 num
589 2749 663 2819 μύειν
680 2755 707 2808 et
722 2752 831 2819 βλέννος
846 2749 926 2806 idem.
964 2793 967 2800 ,

4 2797 5 2892 2
123 2853 172 2920 20)
196 2851 293 2904 ccccm
309 2852 411 2919 antiqui*
427 2865 514 2918 peneto
533 2851 656 2904 ooccbcot
674 2851 780 2904 undeet
795 2851 904 2918 peniculi
919 2853 977 2920 pote
993 2851 1158 2906 cclcicmeoto

63 2940 199 3002 ιντονινιιν,
216 2935 282 3004 qood
297 2950 312 2987 e
328 2937 398 2987 codis
413 2937 535 2988 ιοντινολι
550 2933 643 2999 fiebant
659 2934 729 2990 lest.
756 2935 829 2991 ldem
853 2933 964 2990 domasse
982 2939 1024 2990 est
1037 2934 1158 3005 Κόνημο

4 3021 5 3032 ’
64 3015 103 3068 iat
119 3018 169 3070 τοῦ
184 3017 291 3070 ολιλολον
308 3017 371 3074 Hes.
389 3019 468 3074 Panis
484 3024 585 3086 anieno,
608 3019 679 3074 unde
697 3020 804 3087 pipinna
821 3021 848 3074 et
865 3019 955 3087 penita
974 3016 1039 3086 olla,
1057 3017 1089 3072 ab
1107 3019 1170 3073 ad·-

61 3104 155 3166 lectito
173 3119 270 3172 pennae
286 3107 378 3170 acupus
397 3100 501 3156 ductum
514 3101 624 3170 videtur,
642 3106 670 3156 ut
683 3107 709 3157 et
720 3108 845 3169 ρτινιιολοτ
858 3115 940 3168 opace
953 3100 1004 3156 boc
1017 3105 1058 3157 est
1068 3104 1159 3172 spicae

64 3199 118 3238 eum
135 3188 223 3241 aristis
240 3184 311 3240 Fosi.
328 3184 408 3256 Spica
424 3200 488 3242 veno
504 3185 654 3242 hordeacea
673 3200 752 3254 quum
770 3187 804 3240 sit
821 3186 1091 3254 penicillisimillima‚
1109 3201 1161 3242 nou

64 3270 151 3324 mirum
169 3275 210 3326 esi
226 3283 323 3338 penem
341 3269 394 3324 dici
413 3268 515 3339 κριθήν
531 3269 594 3326 Hcs.
614 3271 659 3339 qui
678 3285 725 3338 pto
742 3272 842 3340 κρίθον
864 3268 1009 3339 ἐπώνυμον
1033 3267 1158 3340 ἄνθρακι·

65 3349 144 3403 ddioo
168 3356 210 3407 sic
226 3351 365 3421 dempsisse
387 3354 491 3409 videtur
515 3357 621 3424 κρίθινον
642 3352 786 3421 ἐπώνυμον
810 3352 935 3423 (παιδός)
952 3351 1160 3424 ἀνδροκηδάλιυ

64 3441 88 3488 ul
102 3434 290 3507 cirdpocddow
306 3434 320 3490 ὃ
338 3436 439 3510 ἀνδρὸς
455 3436 550 3490 αἰδοῖα
569 3437 650 3507 ἔχων,
667 3451 719 3492 uno
736 3436 817 3493 verbo
834 3435 940 3488 cnidum.

124 3527 172 3597 21)
189 3527 257 3582 llino
275 3525 488 3597 λγκαψικίλαλον
504 3528 567 3583 mibi
586 3529 649 3583 dicti
666 3527 819 3584 videbantur
837 3528 968 3597 famelici,
992 3530 1038 3598 qui
1059 3542 1160 3598 caepa-

63 3621 127 3678 mm‚
150 3610 287 3665 bulborum
304 3612 430 3683 torusque
454 3618 481 3670 et
498 3613 605 3669 aliamm
622 3611 722 3680 imgnm
739 3612 840 3680 glumas
865 3617 892 3668 et
912 3614 1044 3682 putamina
1067 3610 1161 3667 suble-

63 3699 159 3757 gerent.
195 3694 346 3751 blendosam
363 3699 516 3766 scripturam
533 3694 725 3764 καψιττὴδολος
747 3695 894 3765 Hesychius
915 3697 1099 3765 interpretatus
1122 3697 1163 3750 cst

63 3780 89 3828 tii
104 3780 189 3846 potuit
214 3774 228 3831 ὃ
255 3780 326 3848 μετὰ
343 3780 398 3834 τῶν
423 3779 457 3834 τὰ
475 3781 578 3850 ἄλφιτα
598 3777 732 3832 διδόντων
748 3777 909 3848 ἁλλόμενος,
927 3779 1003 3849 quasi
1021 3793 1055 3836 cx
1071 3776 1163 3844 κόψαι

65 3863 89 3913 et
103 3861 196 3930 πηδᾶν
212 3861 334 3932 'componi
351 3866 436 3934 possit
451 3860 651 3932 κοψιπὴιλαλος.
685 3861 752 3918 Num
770 3864 829 3933 puis
846 3863 935 3920 credat
946 3862 1082 3918 mustelam
1094 3874 1163 3929 quac

66 3943 299 4002 intercurrentium
317 3962 411 4015 ponere
429 3949 551 4016 creditur,
570 3946 781 4016 θρεξιγλννολιν
799 3947 852 4001 dici
869 3946 1008 4016 potuisse?

128 4035 173 4105 22)
198 4037 257 4092 Non
280 4038 419 4094 admodum
444 4038 599 4096 incredibile
627 4041 667 4093 est
692 4039 867 4106 germanicum
888 4039 974 4106 ‚succ
1003 4036 1165 4103 latinumque

66 4121 166 4177 atomus
190 4123 373 4192 ooffnadcnem
396 4121 496 4181 babere
519 4136 577 4180 cum
601 4133 699 4190 gracco
715 4119 792 4195 peip.
816 4122 928 4190 elusone
950 4121 1062 4177 nominis
1088 4121 1167 4175 aliam
