2788 4986
212 281 254 349 ll
573 277 895 346 nlssnnrnrrc
931 278 953 343 1.

211 447 276 510 τῦν
295 447 389 531 βοῦν,
412 444 505 532 ζυγόν
524 444 574 512 ἐπὶ
593 447 657 510 cciv
670 446 827 528 σταθμῶν.
856 445 902 509 Ac
917 444 1034 510 sillace
1049 445 1204 512 distinctio
1221 449 1319 512 nobis

213 546 358 612 subtilior
388 547 510 612 videtur
536 561 627 628 qnam
655 547 774 628 uerior,
814 552 914 609 tamen
946 541 985 607 τὰ
1012 542 1097 627 παρὰ
1129 540 1185 622 (τὸ
1211 545 1321 626 πυρόν

89 639 91 646 '
212 645 307 711 Bclrls
320 646 437 711 16666.
452 645 521 730 122,
534 645 598 728 22.)
621 650 652 708 et
673 642 706 708 al
725 643 822 725 cecat
840 643 936 708 multo
959 646 1083 724 saepius
1102 645 1248 710 distincta
1265 649 1322 710 ui-

213 743 289 810 deas
311 763 402 828 quam
424 746 571 826 conlusa3
606 760 643 807 ac
669 743 799 824 πλευραί
825 749 855 806 et
882 739 997 823 πλευρά
1024 760 1087 808 666
1111 745 1210 808 solum
1233 745 1321 826 apud

212 846 351 910 medices
380 843 533 908 diversum
560 842 664 906 valent
691 849 725 906 ul
753 842 887 907 Galenus
915 841 1006 906 dccet
1035 843 1148 908 Comm.
1168 845 1199 907 in
1220 845 1253 910 L.
1277 845 1319 908 66

211 945 329 1009 Articc.
351 944 400 1007 lll.
421 941 471 1027 37,
490 941 560 1006 535.
582 941 615 1005 ’1.
636 941 737 1005 lllllll.
758 958 787 1022 p.
811 940 837 1006 1.
859 939 915 1005 sed
936 942 1027 1022 vulgo
1049 959 1171 1024 queque
1191 938 1231 1007 τὰ
1250 938 1318 1008 ὑπὸ

211 1039 373 1128 μασχάλην
392 1034 552 1122 66669615
572 1031 765 1122 ὀνομάζεται,
791 1034 831 1103 τὰ
851 1033 884 1103 tii
903 1033 979 1104 ὀστᾶ
999 1043 1126 1122 πλευραί
1144 1050 1177 1106 61
1206 1037 1226 1126 ἡ
1254 1043 1319 1107 alcr-

212 1139 324 1225 δεκάτη
344 1135 461 1220 πλευρά
479 1137 602 1204 Oribas.
622 1139 713 1203 Anat.
734 1157 764 1220 p.
777 1137 846 1204 236.
865 1145 927 1204 etc.
947 1139 1038 1221 idque
1057 1140 1221 1205 discrimen
1231 1143 1319 1206 Her-

212 1254 342 1308 mannus
365 1237 403 1304 66
424 1238 535 1304 Bacch.
559 1237 647 1303 1126.
664 1238 693 1279 ¹⁰
720 1239 758 1301 al)
785 1237 864 1317 ipsis
886 1239 976 1302 etiam
1003 1240 1105 1320 pectis
1127 1241 1319 1307 custoditum

213 1347 331 1407 censet.
374 1337 463 1414 Quod
482 1353 558 1401 vcro
580 1335 625 1399 illi
644 1337 676 1400 in
697 1337 868 1417 exemplum
889 1339 995 1401 mutati
1010 1355 1077 1402 cum
1090 1339 1318 1418 significatione

213 1446 361 1505 accentus
384 1438 525 1520 afferunt,
546 1435 578 1500 itl
599 1451 675 1500 sane
697 1451 716 1498 a
736 1434 893 1516 plerisque
915 1444 1055 1500 servatur
1073 1437 1169 1518 νεῦρα
1189 1435 1318 1503 σύνδεσ-

211 1561 279 1625 μος,
300 1531 353 1621 ἀφ’
376 1524 417 1600 οὗ
438 1534 470 1602 αἱ
488 1533 597 1614 νευραί
616 1533 786 1598 καλοῦνται
805 1532 881 1597 Ρ611.
896 1533 931 1598 11.
946 1533 1014 1598 234.
1037 1553 1106 1599 nam
1126 1539 1317 1618 posterioris

212 1637 334 1723 quidem
361 1635 474 1700 aetatis
503 1640 617 1715 poetac
652 1631 784 1696 chordas
815 1629 912 1711 νεῦρα
943 1642 1056 1697 vocant
1083 1635 1139 1698 sed
1158 1636 1317 1716 adjuncto

213 1737 350 1820 epitheto
364 1730 450 1819 βόεια
464 1733 564 1809 Quint.
577 1731 702 1797 111112.
718 1730 818 1795 Ν666.
831 1730 906 1794 lllll.
915 1729 984 1796 260.
1004 1731 1107 1798 XXIV.
1118 1733 1187 1798 312.
1207 1735 1317 1800 xxix.

212 1838 261 1903 71.
283 1835 379 1901 semel
401 1841 503 1898 tamen
523 1831 584 1896 hee
606 1832 725 1894 emisse
744 1828 856 1909 legitur
868 1831 899 1892 in
911 1829 1001 1894 Antln
1015 1831 1063 1896 lll.
1081 1831 1149 1898 584.
1170 1850 1230 1897 666
1245 1837 1318 1898 nsi-

212 1943 276 2001 tatc
302 1934 440 1999 Achilles
462 1931 569 1996 'latius
590 1930 639 1995 lll.
659 1927 709 1993 66.
736 1929 851 2010 νεῦρον
875 1924 968 2006 τόξου
993 1928 1065 1993 dixit
1095 1937 1126 1994 et
1151 1934 1317 2013 Appianns
1391 1967 1392 1974 1

210 2035 310 2101 llitlrr.
332 2033 418 2098 Cllll.
441 2029 574 2096 chordas
596 2028 821 2112 machinarum,
844 2045 921 2109 quas
943 2027 1090 2107 Polybius
1112 2030 1158 2094 lll.
1180 2031 1230 2096 56.
1253 2034 1319 2097 ali·
1391 2039 1392 2072 l

211 2141 328 2218 quante
348 2132 464 2197 rcellus
484 2130 583 2210 νεῦρα
602 2121 784 2208 εἰργασμένα
802 2127 947 2191 nominat.
988 2127 1022 2192 ln
1037 2130 1221 2194 contrariam
1236 2150 1316 2198 uero
1391 2121 1392 2174 l

211 2242 330 2317 partem
344 2226 718 2311 aberravltACallimaclrus
736 2242 860 2309 nervos,
882 2225 993 2306 quibus
1007 2234 1092 2290 artus
1107 2231 1316 2318 continentur,

210 2327 322 2415 νευράς
349 2330 452 2393 dicere
481 2343 594 2405 ausus;
628 2341 698 2388 nam
719 2325 751 2387 in
771 2324 986 2391 1111111328.
1007 2320 1102 2408 νεύρη
1123 2345 1214 2393 arcus
1231 2323 1317 2398 ‘ner-
1391 2377 1392 2390 .

209 2448 290 2514 rum,
311 2435 345 2492 ut
367 2425 470 2492 schol.
492 2423 600 2506 sensit,
621 2423 794 2504 significare
814 2421 943 2507 videtur,
964 2439 1027 2486 non
1046 2443 1162 2492 manus.
1203 2429 1317 2513 Neque
1391 2403 1392 2439 ¹

210 2539 313 2594 tamen
341 2519 576 2588 existimandum
603 2529 653 2584 est
681 2523 810 2586 canonis
837 2523 928 2586 istius
950 2521 1127 2589 conditores
1145 2527 1316 2607 ignorasse

210 2643 301 2710 quam
321 2623 418 2688 multa
438 2620 498 2684 sibi
518 2619 707 2685 reluctentur
732 2621 881 2704 exempla,
902 2621 958 2686 sed
979 2623 1083 2702 potius
1105 2627 1315 2704 quaerendum
1390 2649 1391 2692 l

209 2724 320 2810 quibus
342 2718 573 2786 curationibus
597 2719 716 2783 amoliri
729 2721 894 2801 potuerint.
937 2721 1003 2797 Quo
1018 2721 1088 2787 leco
1103 2741 1315 2805 praemonen-
1390 2739 1391 2760 ¹

208 2826 279 2891 llum
299 2820 420 2886 videtur
438 2817 671 2898 metaplasmum
692 2836 756 2883 non
776 2820 877 2884 solum
899 2818 938 2883 66
958 2823 1082 2886 nomina
1101 2827 1240 2891 neutrius
1253 2845 1313 2910 ge-
1390 2839 1391 2850 ¹

207 2925 292 2990 neris
319 2918 474 3002 pertinere
502 2915 558 2980 sed
586 2915 625 2981 66
646 2934 685 2982 66
705 2936 829 3000 quoqne
850 2935 929 3001 quae
951 2936 989 2982 cr
1008 2921 1187 2987 masculinis
1208 2927 1241 2989 in
1262 2929 1312 2992 le-

206 3022 323 3088 minine
349 3022 510 3081 vertuntur
538 3015 659 3100 εἰςίθμη
680 3012 760 3081 κατὰ
779 3013 994 3100 μετατλασρὸν
1020 3013 1076 3082 τὸν
1096 3017 1213 3103 ἰσθμόν
1234 3020 1312 3108 λέγει

208 3119 280 3186 Sclr.
297 3115 352 3182 06.
365 3115 413 3178 Vl.
427 3113 496 3179 264.
517 3134 546 3180 v.
560 3115 697 3182 Nitzsclr.
711 3116 750 3180 66
763 3117 791 3181 lr.
804 3116 822 3180 l.
838 3123 869 3181 et
883 3117 1051 3183 Tzselruclr.
1065 3119 1104 3184 ad
1119 3121 1221 3186 Strab.
1236 3125 1310 3190 vlll.

206 3219 276 3285 323.
306 3223 337 3280 el
364 3219 474 3279 contra
495 3210 681 3295 ἕσπερος-
701 3211 864 3298 mestaticos
883 3209 941 3298 τὴν
960 3211 1092 3301 ἑσπέραν
1113 3219 1135 3285 Ι.
1156 3221 1227 3288 423.
1252 3233 1309 3289 etc.

206 3333 336 3400 quorum
361 3313 447 3396 prius
472 3313 606 3394 pertinet
633 3312 674 3378 66
704 3313 917 3377 illustrandam
941 3314 1212 3384 Grammaticorum
1234 3340 1311 3387 sen-

205 3417 341 3480 tentiam.
387 3413 465 3478 Nam
488 3411 608 3495 εἰςῦθμη
635 3406 799 3494 βαρύνεται
824 3405 867 3487 ὦς
893 3408 1015 3498 στάθμη
1041 3418 1144 3484 Sclrcl.
1170 3419 1189 3484 l.
1213 3437 1239 3486 c.
1269 3423 1308 3487 66

205 3514 374 3595 aspiratam
401 3517 435 3575 ut
463 3514 548 3591 alunt
574 3528 602 3575 v.
630 3509 741 3576 Parall.
767 3509 837 3576 395.
865 3514 1003 3592 quamvis
1030 3514 1110 3581 idem
1137 3519 1309 3599 significent

204 3611 384 3680 masculina
439 3607 637 3690 Eandemque
671 3625 798 3674 causam
828 3627 900 3674 esse
928 3610 1032 3677 dicunt
1062 3632 1117 3680 cur
1142 3627 1309 3698 graventur
1389 3643 1390 3664 2

203 3707 310 3797 φεεη,
339 3703 433 3792 cic,
459 3702 536 3792 χνση
556 3710 627 3772 aro.
650 3707 834 3790 103‚15.¹⁷
883 3709 945 3814 seu
966 3711 1040 3777 mer
1060 3714 1120 3779 noo
1141 3715 1255 3784 diutius
1278 3726 1307 3782 ει
1389 3699 1390 3702 ‘

269 3962 315 4029 15)
332 3955 455 4028 Πλενρόν
470 3954 551 4011 liuius
571 3955 662 4011 (luem.
682 3973 708 4026 p.
726 3958 769 4015 2³.

269 4044 314 4114 16)
331 4043 380 4098 llic
398 4055 462 4097 casu
480 4055 562 4096 coxae
579 4055 627 4109 pro
649 4046 739 4098 cestac
756 4045 879 4112 scriptum
897 4049 946 4100 cst.

269 4126 313 4194 1¹1]
331 4123 493 4196 Βαρῦνεταε,
513 4126 604 4193 inquit,
622 4122 655 4177 τὰ
673 4123 727 4177 ἀπὸ
743 4124 792 4178 δύο
811 4125 972 4196 συμφώνων
979 4134 1185 4200 προηγουμένου
1200 4131 1304 4189 δασέος.
