2750 4994
141 270 194 336 DE
215 270 433 337 NOMINIBUS
454 271 810 342 menandrianos
838 277 870 342 C.
892 278 940 343 lv.
964 286 994 354 ς.
1011 280 1038 346 1.
1082 285 1147 353 201

37 440 133 519 χεῖρες
160 433 382 517 κρυστάλλιναι
410 439 593 518 congelatae
617 439 763 522 Hippocr.
784 438 925 524 τράγιναι
945 440 1036 527 κόραι
1055 451 1146 517 Antii.

38 541 68 598 et
94 536 209 619 topica
233 532 328 618 γέννα
355 537 500 616 heschpl.
527 554 585 619 pro
612 539 777 618 genitivis¹
810 548 867 606 etc.
909 543 1146 615 adverbialibus

37 634 281 713 adnumerantur
308 639 400 702 etiam
427 629 548 715 ιἰδινός,
583 632 730 718 θαμινός,
759 636 903 719 πνιιινός,
931 643 1055 726 ταχινός
1081 649 1147 716 llll.

37 733 94 816 58,
119 735 170 799 52.
185 736 311 800 hnecd.
335 736 434 801 Cram.
456 736 477 800 l.
501 735 571 800 349.
591 753 692 816 neque
715 737 754 800 ab
777 755 815 802 ea
835 742 956 805 ratione
979 744 1147 814 abhorrent

37 825 213 914 οὐδαμινός
235 841 266 898 el
286 831 465 917 μηδαμινός.
496 833 558 898 scd
573 835 656 914 quod
671 834 763 900 iidem
777 830 927 920 ἀληθινός
944 841 982 904 ab
999 843 1145 910 adverbio

35 924 154 1014 ἀληθές
183 934 353 998 derivatum
388 939 544 1017 statuunt,
579 928 703 1006 πεδινός
730 951 749 997 a
774 931 862 1000 πέδοι
891 938 988 1002 Crem.
1012 941 1046 1006 ll.
1077 943 1146 1010 327.

36 1026 169 1108 ῥαδινός
192 1051 212 1096 a
231 1028 346 1116 ῥεάΰην
364 1033 430 1097 Ehl.
453 1049 514 1114 quo
537 1049 626 1096 nemo
655 1045 731 1096 usus
761 1041 826 1118 est,
853 1035 996 1102 indicium
1018 1044 1148 1121 praehet

36 1146 95 1193 eos
119 1148 187 1194 non
204 1139 318 1195 tantam
335 1133 567 1212 significationis
586 1149 690 1195 curam
707 1133 854 1198 hahuisse
871 1145 1016 1217 quantam
1031 1157 1147 1205 accen-

38 1226 129 1313 tus²,
158 1229 198 1294 de
227 1247 288 1312 qno
317 1232 391 1295 nihil
420 1230 502 1296 aliod
531 1231 668 1312 praecipi
697 1236 833 1312 oportuit
858 1252 948 1317 quam
976 1240 1148 1304 materialia

38 1331 176 1413 marari,
199 1331 382 1411 temporalia
404 1337 542 1410 oxytona
558 1347 639 1409 esse,
663 1330 832 1414 eodemque
857 1351 936 1397 sono
960 1336 1047 1420 liniri,
1066 1356 1153 1420 quac¹

40 1428 143 1491 neutri
173 1429 332 1510 adscripta
359 1431 420 1494 sint
454 1427 568 1508 generi.
615 1428 730 1492 Contra
759 1432 894 1511 regulam
923 1436 1147 1516 scriptumest

41 1525 152 1606 βαϊνός
174 1529 256 1612 apud
278 1528 500 1609 Symmachum,
519 1522 642 1608 χηλινός
662 1528 738 1592 Poll.
760 1537 791 1593 et
810 1526 932 1613 ιη’ννος
948 1536 1013 1613 jam
1036 1537 1106 1600 olim
1129 1555 1148 1601 a

41 1628 218 1709 Phrynicho
237 1629 420 1708 castigatum
434 1629 513 1708 hpp.
530 1626 580 1708 66,
597 1625 644 1691 19.
672 1628 846 1710 verbalium
867 1631 911 1694 illi
927 1634 1041 1699 nullam
1058 1655 1148 1703 men-

44 1729 160 1794 tionem
182 1730 337 1805 lecerunt3
364 1742 424 1790 uec
444 1732 518 1808 puto
542 1725 746 1791 demonstrari
769 1744 875 1808 posse.
916 1733 993 1797 Nam
1013 1737 1149 1819 βίβλινος

44 1819 130 1902 οἶνος
149 1827 277 1892 Hosiod.
300 1825 378 1908 opp.
399 1824 470 1890 589.
494 1843 513 1888 a
533 1820 617 1908 βλύω
639 1833 843 1908 propagatum
870 1847 943 1894 esse
969 1832 1008 1896 ad
1030 1836 1150 1915 signill-

45 1927 177 1992 candnm
198 1929 302 1991 vinum
315 1925 568 2007 valentissimum,
590 1924 777 2004 Goettlingio
793 1941 857 1990 non
874 1923 1069 2010 crediderim}
1089 1948 1149 1996 noc

44 2027 142 2106 magis
157 2023 234 2089 illud
247 2023 331 2106 qnod
344 2023 525 2087 Welcherus
542 2024 670 2086 affirmat
685 2023 722 2088 de
738 2025 887 2107 Tragoed.
904 2026 1145 2109 Graec.p.101‘l.

45 2125 167 2188 Carcini
183 2140 297 2187 nomcn
312 2122 501 2186 citharistam
522 2123 695 2202 significare
716 2141 736 2186 a
754 2117 854 2203 κρέκω
875 2125 1038 2208 ductum;³
1058 2127 1148 2194 αἴθι-

45 2245 100 2298 νος
119 2224 206 2287 nulla
233 2239 329 2286 causa
357 2227 406 2285 est
428 2238 482 2285 cur
502 2225 541 2287 ah
563 2223 646 2286 atae
675 2224 779 2305 potius
805 2230 963 2304 repetatur
989 2241 1079 2308 qnam
1108 2229 1147 2292 ab

45 2318 146 2405 αιθός,
168 2327 203 2386 ut
224 2321 319 2385 multa
341 2326 412 2385 sunt
434 2320 587 2401 adjectiva
608 2323 646 2386 ab
669 2320 829 2402 adjectivis
846 2332 1018 2405 propagata
1036 2329 1148 2406 partim

47 2422 155 2486 eodem
176 2419 336 2484 intellectu
354 2420 464 2502 partlm
480 2421 590 2485 leniter
604 2421 732 2503 deflexo,
748 2416 923 2502 νλιιύκινος,
944 2420 1146 2506 puteolanos,

47 2517 253 2601 δειλάκρινος,
283 2514 419 2600 ἱλάρινος
440 2520 514 2601 (nisi
533 2521 674 2602 peccavit
695 2519 862 2604 librarius),
883 2519 1057 2603 μικύθινος,
1079 2548 1147 2607 τρι-

47 2622 171 2701 μίτινος,
189 2613 413 2700 τριπιθήκινος,
427 2615 643 2702 χολοβάφινος,
659 2612 878 2700 ὥμοβύρσινος,
901 2623 939 2684 ol.
953 2624 1063 2690 Parall.
1077 2627 1147 2692 247.

48 2737 177 2802 quorum
204 2718 353 2782 nonnulla
380 2720 600 2800 primitivorum
629 2720 730 2783 locum
759 2721 897 2803 explent,
935 2728 966 2785 et
994 2724 1148 2790 facticium

3 2895 6 2906 Ι
48 2814 201 2892 ἐκείνινος.
245 2817 285 2880 Et
311 2818 419 2880 horum
447 2819 594 2899 pleraque
628 2819 761 2899 antiquis
788 2820 896 2898 ignota
923 2828 995 2884 sunt
1025 2828 1055 2886 et
1087 2825 1149 2889 alia

48 2919 208 2999 utriusque
228 2917 350 2996 generis
371 2909 500 2998 αὖρινός
516 2917 615 2980 Ciam.
633 2917 668 2980 ll.
693 2917 760 3000 179,
775 2918 825 2982 31.
845 2913 959 3001 βόῖνος,
981 2916 1149 3005 δένδρινος,

50 3010 271 3099 καθημερινάς,
295 3008 419 3093 ὀψινός,
441 3010 616 3098 σημερινός,
644 3013 787 3098 padoence
808 3024 866 3081 etc.
891 3014 999 3093 Θὲϊνος
1020 3027 1051 3084 et
1070 3017 1151 3085 τιτύ-

49 3139 133 3195 ρινος
151 3117 185 3179 iu
206 3115 401 3179 monimentis
423 3113 547 3179 doricae
576 3116 700 3180 dialecti
726 3117 928 3182 continentur.
963 3117 1048 3193 Quae
1075 3136 1150 3183 vero

114 3367 142 3434 l)
166 3364 315 3420 Herodotus
333 3370 422 3419 contra
438 3363 535 3417 necata
552 3365 656 3434 νεβρῶν
674 3365 738 3418 dixit
757 3365 812 3418 vll.
831 3366 873 3421 75.
888 3366 950 3434 qnia
965 3367 1086 3437 νέβρινις
1098 3379 1150 3420 non

51 3449 155 3505 licebat.
191 3447 324 3502 Audacius
342 3447 496 3518 calpurnius
516 3448 571 3502 Ecl.
592 3450 621 3503 V.
641 3449 922 3514 hastamhastam.

112 3533 143 3600 2)
164 3531 223 3586 Nec
236 3531 389 3600 catapoita
405 3533 528 3588 adverbio
543 3533 590 3586 ulli
605 3532 699 3599 subjici
710 3536 805 3600 potest,
822 3534 845 3586 si
856 3531 1003 3600 Hesychius
1015 3533 1052 3584 ita
1063 3534 1152 3599 scrip-

52 3619 82 3669 sit
98 3614 257 3683 θηλαμινιῦ
275 3616 398 3686 vairpand,
416 3617 464 3674 sed
485 3617 593 3671 lortasse
613 3613 771 3684 eptapdvos
785 3618 903 3684 scripsit;
922 3611 1055 3682 θηλαμών
1068 3616 1156 3670 activo

53 3699 101 3753 dici
117 3699 206 3768 potuit
227 3704 254 3754 et
270 3701 375 3768 passive
393 3706 422 3754 ut
439 3698 576 3770 τρόφιμοι
594 3703 621 3755 et
638 3701 755 3751 alumnos
772 3699 824 3754 hoc
842 3701 943 3768 estqui
963 3698 1039 3752 alitur
1065 3702 1092 3754 et
1109 3699 1155 3766 qui

53 3782 102 3837 alit.

115 3865 145 3933 ³]
171 3863 337 3921 Herodianus
367 3881 446 3920 unum
476 3866 548 3920 novit
564 3868 699 3933 Καρκίνος
720 3870 898 3934 paroxytonon
924 3863 1081 3932 appellativo
1108 3877 1156 3931 per

53 3949 136 4003 omnia
150 3948 252 4014 simile;
272 3947 305 4004 de
325 3963 377 4018 quo
394 3961 446 4003 non
463 3947 612 4004 lleinehius
630 3955 699 4004 errat
713 3949 761 4004 sed
780 3947 943 4013 Welcherus,
967 3947 1042 4012 cujus
1061 3944 1155 4013 dispu-

54 4033 122 4098 tatio,
140 4035 169 4085 ut
187 4031 313 4099 equidem
332 4032 421 4100 video,
439 4031 489 4086 hac
508 4045 559 4087 una
576 4034 677 4089 ratione
694 4034 791 4100 nititur,
808 4044 903 4088 nomen
917 4030 1014 4084 cancer
1030 4043 1082 4084 non
1103 4029 1156 4087 dc·

56 4128 113 4170 cero
130 4119 245 4183 poetam.
