2772 4992
13 302 75 368 nn
103 298 222 366 mon.
243 297 408 377 cuorum
423 287 536 363 curu.
556 294 634 362 usr
651 293 868 364 curruum.
889 299 922 366 c.
936 300 972 366 n.
996 308 1026 379 ς.
1040 303 1069 371 a.
1086 283 1154 374 atr

13 469 112 532 ciunt
139 465 290 530 Philemo
312 463 382 529 297.
406 470 437 528 et
463 463 565 527 Draco
594 462 643 529 38.
669 457 790 545 βοϊκός,
820 459 963 548 demum,
991 451 1155 550 κεραμκός

13 564 49 632 ιὸ
77 572 96 630 ῑ
122 559 275 647 μακρόν·
293 563 345 627 uhi
367 576 443 626 casu
464 563 717 643 praetermissum
738 559 867 646 vidthrr,
888 561 972 644 quod
992 574 1152 646 postrema

13 665 231 731 simillimum
253 669 318 745 est,
347 655 506 734 δεκελικός.
550 660 613 724 Sed
640 661 846 725 llerotllanum
879 661 1153 744 apatrcdis'ces'ss

13 768 110 830 sisse
138 763 393 829 Choerohoscus
414 759 507 823 tradit
530 759 598 838 183,
620 759 669 824 31.
689 753 783 842 βοϊκὰ
811 752 900 844 hipp
927 755 1149 845 ri'uup'cidctip.

13 856 239 948 Ἡρωδιανὸς·
255 855 289 924 el
310 855 362 923 tue
381 854 567 941 διφθὸγμου.
604 851 644 920 ‘0
664 855 698 921 tt
717 855 809 939 λόγος
828 853 868 924 οὗ
895 867 1047 944 συγχωρεῖ
1052 887 1055 894 ’
1070 857 1150 931 hati'ti

13 968 116 1045 patet
142 959 352 1041 displicuisse
374 960 402 1022 ei
423 960 515 1024 istum
537 955 679 1038 adjectivi
707 959 809 1022 ficticii
836 955 977 1042 βοεινκός
1003 963 1036 1027 in
1063 959 1150 1044 βρεν-Ι

15 1057 81 1136 κός
106 1059 316 1141 synaeresin.
355 1057 469 1138 'Neque
489 1057 581 1120 nohis
602 1055 722 1139 placet3
744 1057 800 1120 sed
821 1075 972 1140 quaenam
992 1062 1058 1126 icta
1070 1050 1150 1146 p‘rc-

15 1159 174 1224 dueendi
199 1158 279 1221 ratio
298 1157 408 1234 inerit,
436 1154 531 1220 nihilo
559 1155 657 1235 magis
689 1155 877 1235 dispicimus.
923 1155 1069 1225 hilarum
1090 1149 1151 1228 udss'⁸

15 1261 135 1341 jungit
159 1256 277 1322 Pollux
305 1255 353 1318 VI.
381 1253 430 1318 53.
454 1247 547 1334 κρέας
569 1246 676 1315 ὑεικὸν
702 1247 745 1327 ὡς
771 1251 910 1336 βοεικόν,
939 1259 991 1323 uhi
1023 1253 1149 1329 codices

21 1375 122 1422 more
155 1355 257 1420 solitu
286 1355 352 1417 iota
378 1352 543 1435 praehent3
578 1357 609 1416 et
635 1353 857 1434 pariterapud
886 1353 1036 1423 l'homam'
1064 1351 1152 1426 ὕειον

22 1452 126 1540 κρέας
149 1448 201 1537 μὴ
222 1447 288 1535 λέγι
308 1443 373 1516 dtt’
395 1444 454 1524 ὑὸς
474 1445 566 1532 κρέας
585 1446 638 1513 καὶ
658 1445 766 1514 taem
785 1445 828 1526 ὥς
853 1451 976 1536 doemon
996 1455 1066 1522 libri
1087 1456 1150 1534 'aii-¹

25 1563 109 1638 quot
141 1547 278 1638 βοϊκόν,
310 1556 493 1616 constantes
517 1551 549 1612 in
571 1549 686 1632 altero,
713 1547 769 1614 sed
796 1551 858 1614 hoc
885 1571 1018 1646 qnoque
1036 1555 1150 1640 duplici

26 1654 127 1718 modo
164 1652 318 1732 seriptum
347 1655 396 1712 est
424 1648 505 1730 apud
532 1647 784 1733 Xenophontem,
820 1652 871 1732 qui
903 1645 997 1718 ὑϊκόν
1022 1651 1150 1740 πάσχειν

27 1752 120 1830 dixit,
146 1765 215 1814 nec
236 1753 368 1828 sequuta
389 1753 438 1812 est
458 1747 676 1829 reprehensi03
705 1745 761 1811 scd
789 1741 972 1829 possessive
1001 1751 1062 1818 dici
1083 1773 1150 1820 ·ve-·

31 1857 115 1914 tant:
140 1841 243 1913 ὗῖκὸν
258 1841 354 1930 δέρμα
369 1839 428 1928 οὐχ
440 1841 566 1930 εὕρηται
588 1845 615 1909 el
634 1839 677 1929 μὴ
697 1838 768 1928 παρ’
787 1839 944 1936 Ἀξιονίκῳ
958 1851 999 1929 (v.
1015 1850 1146 1921 helech.

32 1949 121 2013 Com.
144 1949 189 2014 ‘'i'.
212 1946 261 2011 lii.
289 1945 375 2028 536.)
402 1941 574 2030 ἡμάρτηται
572 1938 649 2039 -d-a'
676 1937 822 2009 οὐδέκοτε
848 1941 908 2029 γὰρ
934 1943 1011 2026 λέξις
1040 1953 1150 2034 νημαι.-

33 2063 138 2110 νουσα
160 2041 258 2130 μέρος
278 2039 420 2126 σώματος
438 2039 496 2126 ἔχει
514 2042 557 2117 εἰς
575 2065 635 2107 κον
653 2039 799 2126 camundo
819 2038 895 2110 ἀλλὰ
922 2041 975 2110 dcci
1001 2051 1149 2134 καθαροῦ

33 2148 91 2210 τοῦ
114 2133 166 2210 οἶν
191 2137 233 2208 οὐ
252 2137 312 2227 γὰρ
331 2137 456 2226 νέμομεν
475 2138 614 2225 χοιραὸν
633 2138 725 2224 κρέας
745 2137 820 2208 οὐδὲ
839 2140 1039 2225 &mopscrenis
1057 2149 1147 2231 ποῦς,

37 2239 109 2309 οὐδ’
134 2234 205 2310 οὖν
220 2235 313 2308 dmin
332 2237 430 2324 δέρμα
449 2234 525 2306 ἀλλὰ
547 2239 636 2307 ὕειον
654 2243 731 2307 ΕΜ.·
743 2242 814 2326 ¹175,
836 2241 885 2309 30.
906 2244 1047 2326 idemque
1067 2249 1149 2314 luter

37 2339 170 2428 κινμικὰ
203 2338 253 2406 ἐπὶ
283 2340 349 2404 τῶν
376 2343 559 2424 σωματικῶν
587 2343 689 2423 μερῶν
720 2338 1020 2425 παραλαμβανόμενα
1051 2348 1147 2412 refert

40 2445 132 2508 ctiam
154 2438 260 2526 βόειος
280 2435 409 2522 κεφαλή.
450 2440 516 2505 Nec
543 2441 615 2505 mihi
642 2442 829 2523 persuadere
855 2458 983 2523 possum
1005 2443 1149 2510 Chaero-

39 2540 172 2606 heseum
196 2539 368 2604 affirmasse
390 2541 576 2606 contrarium
598 2559 627 2622 p.
653 2540 721 2624 183,
746 2541 793 2606 15.
814 2535 935 2623 βοεικὸς
960 2537 1012 2606 dccl
1037 2545 1093 2627 τῆς
1109 2531 1148 2610 Ξῖ·

41 2643 183 2722 σημαίνει
204 2633 265 2722 γὰρ
276 2633 368 2721 μέρος
377 2634 526 2720 σώματος,
541 2638 597 2703 sed
612 2641 717 2720 potius
729 2634 828 2722 βόειος
841 2640 948 2724 (ποῦς)
963 2643 1149 2725 scripsisse;

40 2753 109 2802 nam
131 2732 257 2821 βοεικός
276 2753 340 2802 non
360 2739 460 2803 minus
482 2737 606 2819 regulae
629 2737 812 2803 adversatur
824 2757 915 2821 quam
925 2735 1039 2823 βοῑκός.
1058 2741 1147 2808 llueo

43 2844 142 2902 autem
164 2838 275 2917 regula
295 2854 359 2902 nen
378 2837 552 2917 infringitur
573 2851 611 2900 cu
633 2836 715 2917 quod
736 2837 898 2921 Euripides
925 2834 1068 2921 μέτωπον
1094 2840 1148 2905 ἱκ-

43 2931 134 2999 ιιικόν
155 2936 235 3000 dixit
256 2942 287 3002 et
306 2933 391 3019 ὄμμα
417 2930 566 3018 πωλικόν,
591 2933 682 3016 idque
709 2935 747 3000 de
775 2938 854 3001 vivis
882 2945 915 3001 ut
943 2939 1149 3006 Callimachus

47 3032 106 3098 Cal.
127 3034 178 3100 63.
204 3030 366 3118 δεσποτικὴ
387 3033 459 3116 χείρ,
489 3042 598 3099 contra
625 3050 717 3114 quarn
741 3036 921 3101 ammcmus
952 3037 1046 3102 cdirit
1073 3037 1150 3122 βοὸς

46 3127 123 3206 πούς
144 3129 198 3196 ἐπὶ
219 3133 340 3212 ζῶντος,
361 3129 462 3217 βόειος
481 3128 515 3196 il
534 3129 584 3196 ἐπὶ
602 3133 725 3213 μακροῦ.
753 3130 799 3195 Ea
820 3133 934 3216 quippe
955 3138 1077 3216 poetica
1098 3145 1148 3204 ost

48 3237 216 3315 usurpatio.
267 3234 429 3314 Nunquam
458 3249 532 3296 veru
566 3232 599 3296 in
627 3231 884 3312 vituperationem
913 3234 1045 3299 adducta
1074 3243 1147 3302 sunt

49 3333 180 3409 epitheta
208 3337 430 3415 jumentorum,
459 3331 516 3397 sed
544 3331 648 3412 ζεῦγος
674 3317 797 3413 βοεοκόν
822 3332 1049 3414 Aristophanes
1075 3337 1147 3418 ipse

52 3426 129 3514 dixit,
151 3433 258 3514 ζεῦγος
278 3425 402 3513 ὀρεινόν
423 3431 473 3495 rel
494 3423 612 3512 ὅρκιόν,
635 3430 785 3495 namhoc
807 3446 930 3512 quoque
951 3432 1058 3516 hnitat,
1079 3436 1147 3498 he-

51 3527 188 3616 schines,
216 3529 305 3596 Pluto
334 3536 366 3594 et
394 3545 549 3612 suppares
574 3546 603 3594 u.
631 3528 834 3594 Schcemann.
862 3531 901 3594 ud
926 3531 1046 3595 Isaeum
1074 3531 1145 3597 314.

54 3623 202 3695 Schaeicr.
225 3630 264 3696 ad
283 3629 435 3694 Plutarch.
458 3630 490 3694 Τ.
510 3628 560 3694 lll.
584 3626 652 3694 194.
674 3620 757 3711 ἅρμα
776 3625 914 3694 πωλικόν
935 3629 1026 3711 dorp.
1051 3630 1148 3696 inser.

53 3735 80 3785 n.
104 3725 194 3794 2758.
223 3729 328 3811 ζεῦγος
356 3721 465 3793 ὀνικόν
492 3734 523 3792 ot
542 3719 707 3810 ἡμιοννκόν
726 3727 896 3812 Xenopho,
925 3721 1062 3792 μανικόν
1089 3727 1149 3792 hl-

56 3833 140 3887 caeus
160 3826 248 3893 Phot.
269 3823 374 3912 ἀκήνη
394 3822 513 3911 κωμική
536 3821 687 3908 αὔχημα
707 3820 833 3888 ἱκκικόν
855 3825 1038 3906 Sophocles.
1079 3826 1149 3890 lle·-

55 3930 115 3983 rtrm
135 3926 287 4008 scriptura
308 3943 462 4009 nunquam
481 3928 513 3990 in
535 3926 779 3992 controuersiam
799 3929 913 3988 vocata
927 3931 986 4008 ast,
1006 3925 1063 3992 sed
1078 3942 1149 3989 om·-

58 4014 99 4077 uis
119 4017 300 4106 disceptatio
322 4024 361 4089 ed
382 4029 516 4108 quinque
535 4023 589 4087 illa
608 4024 732 4107 recidit,
760 4037 889 4104 quorum
917 4039 1008 4086 unum
1029 4018 1149 4105 βοεικός

58 4109 87 4173 hl
103 4120 245 4196 quadrum
266 4121 363 4204 redigi
384 4141 481 4206 posse
498 4125 629 4206 'aegeum
651 4122 818 4188 secundum
838 4117 979 4203 δνρεικός
1000 4129 1031 4187 et
1052 4136 1147 4205 pere-

89 4227 188 4290 niteat.
203 4238 340 4304 Patholog.
897 4218 936 4288 21
1140 4213 1141 4216 Ἴ
