2768 4994
227 283 301 352 lull
570 279 894 347 utssuttrarto
921 281 998 348 tut

232 463 291 534 pro
316 441 512 528 Τραόρνθος
533 447 751 528 scriptumest
781 445 916 512 tortasse
942 447 981 514 ad
1002 449 1264 528 signiacettmem
1287 465 1337 510 ro

232 549 310 615 calis
331 549 459 628 Ιοοροος
480 561 591 610 nomen
614 547 714 626 ipsam
733 541 928 628 τρικόρνφον
947 546 1109 612 dammare
1123 547 1250 612 ridetur
1269 564 1338 627 pro
1369 615 1370 630 η

232 647 322 714 docte
344 645 464 726 spirata
485 647 583 729 prima
602 653 635 709 ut
661 645 837 726 Τρινακρία
879 645 944 710 Nec
964 647 1216 726 praetermittam
1246 663 1338 726 syno-

230 764 321 830 nyma
342 745 403 832 μῦς
424 753 453 810 at
472 743 619 827 αμίνοος,
648 759 705 830 pro
734 761 796 826 qno
825 751 856 808 et
883 745 996 824 opicae
1022 747 1182 827 reperitur
1212 753 1244 811 et
1262 744 1339 826 quel

231 849 302 916 hino
330 847 498 912 derivatum
528 851 653 925 putatur
680 839 822 924 Σμιθεύς
841 845 872 907 in
894 844 980 908 lihris
1008 846 1214 925 nolentisque
1241 863 1269 912 v.
1289 845 1338 908 Ja-

233 947 320 1013 oohs.
342 945 381 1010 ad
401 945 519 1009 helian.
543 959 572 1025 p.
593 941 662 1007 406.
694 941 862 1006 accedente
889 949 976 1024 trope
1004 943 1129 1008 vocalis
1158 961 1247 1024 quae
1273 961 1340 1006 sac-

231 1047 302 1130 plus
330 1045 465 1110 cornltnr
491 1041 523 1105 ln
551 1039 671 1120 syllaba
697 1041 882 1107 secundaria
909 1037 1081 1114 liriawaoc
1110 1051 1142 1105 ct
1173 1044 1339 1108 Cocinthns
1370 1057 1371 1070 ³

231 1161 259 1212 t.
283 1145 351 1211 lntt.
374 1141 412 1208 atl
438 1141 546 1220 Polyb.
573 1140 609 1204 ll.
639 1139 685 1204 lt.
714 1136 871 1220 Λὲβινθος
896 1149 926 1205 et
954 1140 1137 1219 Lehpnthns
1172 1143 1340 1209 'leschoah

232 1241 270 1310 ati
291 1241 360 1308 llel.
385 1241 419 1310 ll.
441 1241 470 1322 7,
492 1240 539 1305 11.
558 1233 752 1320 Ἀράκιονθος
771 1249 802 1303 et
818 1235 1003 1320 Ἆράκινθος
1022 1241 1138 1304 Bemh.
1155 1243 1203 1306 ntl
1218 1244 1338 1322 Dionys.

231 1359 259 1408 v,
284 1339 354 1406 tat.
367 1335 532 1413 Ἆψυνθος
553 1373 593 1388 -·-
613 1334 667 1401 acl
693 1331 746 1400 διὰ
772 1339 864 1402 corii
892 1340 997 1422 Slaph
1027 1335 1199 1420 Ζήρινθος
1228 1350 1258 1406 pt
1288 1339 1341 1424 za).

232 1443 351 1524 ρννθος
370 1437 553 1503 Baohmann.
576 1435 614 1502 eu
635 1439 707 1518 ch.
728 1437 778 1502 77.
819 1437 930 1502 Verum
952 1435 990 1502 tle
1010 1437 1072 1500 hoc
1091 1441 1190 1505 satis.
1218 1442 1340 1506 Permu-

233 1540 359 1604 tationis
388 1553 546 1602 consonae
581 1533 834 1600 characteristae·
858 1537 1029 1618 exemplum
1060 1547 1111 1603 est
1145 1541 1232 1606 illntl
1264 1539 1341 1620 quoa

231 1637 457 1718 Philostorgins
480 1635 565 1700 affert
585 1634 620 1698 ll.
642 1634 726 1698 Eool.
749 1635 824 1699 ultr.
848 1635 895 1717 11,
916 1637 985 1702 514.
1007 1638 1040 1702 C.
1067 1637 1264 1704 Naulochon
1289 1635 1340 1720 τὴν

233 1735 407 1814 Ναξίανζον
427 1728 614 1814 leucopetra,
641 1749 702 1814 qno
733 1735 858 1798 evitavit
883 1735 1077 1800 collisionem
1105 1738 1275 1806 literarum
1301 1741 1339 1816 ot„

231 1833 322 1902 alliud
341 1831 471 1917 praehet
492 1847 553 1896 ror
582 1832 737 1896 Laconica
765 1826 883 1913 ἀγαυός
909 1835 928 1898 i.
955 1852 983 1915 q.
1012 1830 1136 1918 ἀγαθός
1163 1847 1200 1902 οι
1230 1839 1338 1904 herbae

230 1948 341 2000 hainau
371 1928 523 2014 ἅννηπον
550 1925 584 1994 lv
609 1935 675 2005 τοῖς
704 1926 763 1994 δύο
782 1935 803 1995 ὑ
822 1930 876 1996 καὶ
897 1929 956 1996 δύο
973 1923 994 1996 ’τ’
1014 1935 1132 2000 Aucod.
1148 1939 1252 2004 Beltla.
1269 1939 1337 2004 tal.
1372 1949 1373 1976 ³

231 2031 313 2118 qnod
333 2033 365 2096 ln
389 2031 512 2112 optimis
535 2030 740 2110 Theophrasti
759 2029 847 2096 libris
870 2026 1017 2114 ἄννησον,
1042 2035 1124 2116 apud
1152 2038 1242 2102 alios
1264 2035 1337 2120 ἄνη-

229 2137 293 2198 θον
314 2131 491 2198 scribilut.⁸
532 2128 726 2194 cucurbitam
755 2125 944 2194 uotiavmov
970 2132 1029 2195 dior
1051 2133 1119 2196 sive
1141 2135 1338 2219 uolonum

231 2240 262 2300 et
283 2227 483 2314 κολοκύνθην
503 2229 582 2294 inter
605 2243 712 2292 omnes
735 2236 867 2313 constat,
889 2231 946 2294 secl
959 2232 1179 2312 analogianon
1198 2245 1335 2318 apparet.

231 2331 349 2400 Nomen
378 2331 461 2396 urhis
492 2323 647 2410 Λυχνιδός
672 2335 703 2391 et
730 2325 884 2410 Λνχναός
917 2331 1062 2410 scripturn
1096 2349 1198 2413 supra
1236 2336 1336 2401 attuli:

181 2449 184 2457 ·
231 2431 303 2496 item
331 2427 457 2512 ναιάτης
486 2437 515 2494 ot
541 2421 658 2509 κεάδηρ.
701 2427 789 2503 Quod
817 2445 891 2492 vero
916 2429 949 2491 ln
970 2429 1034 2494 llll.
1056 2430 1128 2509 524,
1151 2429 1205 2496 37.
1228 2433 1335 2497 dicitur
1373 2433 1374 2436 ’

231 2529 385 2612 Κοδρίτης
404 2523 465 2592 ἀπὸ
485 2527 543 2590 τοῦ
565 2521 689 2607 Κόδρος
703 2526 818 2606 γίνεται
837 2523 935 2610 ὥςπερ
955 2523 1040 2609 παρὰ
1056 2523 1092 2591 τὸ
1106 2524 1241 2607 Κρόνος
1258 2535 1336 2611 Κρο

229 2629 322 2712 clepo,
343 2629 422 2692 idem
443 2626 565 2709 quidem
585 2625 736 2705 signilloat
756 2625 839 2707 quod
861 2627 1016 2710 Κρονίδης
1036 2627 1092 2692 sed
1113 2629 1277 2695 aberratio
1292 2637 1335 2695 est

231 2747 249 2794 a
278 2736 353 2810 tipo
380 2725 592 2809 patronymico
623 2724 663 2789 ad
683 2726 884 2808 gentilicium,
917 2725 1083 2807 eademqne
1111 2728 1243 2794 licentia
1264 2733 1375 2846 Ari

230 2825 400 2912 stephanos
422 2825 543 2892 Carciul
563 2823 653 2889 lilium
676 2825 867 2908 Καρνανίνην
886 2827 1057 2908 usurparit,
1077 2826 1265 2907 Propertius
1286 2795 1375 2892 lll.

232 2927 280 3008 lu,
304 2923 350 2992 10.
372 2925 461 2990 loarll
481 2923 571 2988 liliam
592 2923 754 3004 Icariotin,
777 2924 931 3003 volgoque
953 2923 1068 2989 Oceani
1090 2925 1213 3006 prolem
1230 2927 1333 2992 Ocea-

231 3023 351 3090 nitidus
372 3030 506 3103 rooant3
534 3024 690 3086 contraria
711 3039 785 3086 vero
814 3023 952 3102 enallage
981 3023 1232 3088 terminationem
1260 3043 1332 3088 usus

229 3123 424 3206 Praxagoras
444 3121 629 3205 μαργαρίδαι
651 3119 726 3185 dixit
747 3139 803 3202 pro
825 3126 1008 3203 μαργαρῖται
1034 3123 1136 3186 iouioa
1165 3131 1197 3187 ul
1230 3125 1332 3190 Sahal.

230 3221 330 3288 Photli
351 3221 408 3302 ait3
436 3223 549 3304 quippe
577 3239 594 3285 a
619 3216 780 3302 μάργαρον
807 3223 873 3285 sive
900 3218 1057 3303 μάργαρος
1082 3223 1221 3302 legitime
1250 3224 1330 3289 deri-

229 3328 318 3386 vatur
341 3319 528 3406 μαρηαρίτης
552 3328 585 3383 ut
615 3313 732 3401 ἀετίτης
760 3325 790 3382 et
825 3327 929 3404 cetera
959 3321 1134 3403 lapillorum
1169 3323 1329 3388 vocabula.

231 3419 283 3486 Sic
305 3427 389 3485 corto
410 3421 626 3500 grammaticos
646 3435 778 3499 graecos
798 3420 949 3486 ‘statmsse
978 3428 1117 3502 oportct3
1146 3428 1179 3486 at
1206 3439 1328 3502 germa-

229 3519 365 3583 nicarum
392 3518 591 3584 dialectorum
620 3519 835 3582 aestimatores
864 3535 976 3584 nomen
1001 3521 1168 3600 margarita
1188 3538 1255 3587 non
1276 3521 1328 3586 do-

230 3618 359 3684 rivalum
381 3616 437 3682 sed
459 3618 663 3701 compositum
685 3634 757 3682 esse
779 3616 919 3681 dictitant
940 3619 1100 3700 ipsumque
1122 3622 1325 3699 germanicum

228 3719 422 3797 mori-ptam
448 3715 480 3780 ld
509 3723 558 3781 est
583 3718 676 3782 maris
701 3716 855 3797 pulverem
877 3734 904 3781 v.
925 3718 1111 3782 Massmann.
1134 3718 1242 3782 libell.
1263 3721 1325 3782 Ao-

295 3955 325 4020 8)
343 3953 432 4008 Schol.
453 3953 562 4008 alacer.
581 3952 636 4007 vll.
656 3953 697 4008 63.
716 3954 823 4017 ἄνηθον
841 3952 871 4006 τὸ
887 3951 1044 4022 μάλαθρον,
1063 3953 1160 4008 ἄνισον
1177 3954 1206 4008 att
1225 3955 1255 4012 aa
1266 3953 1322 4023 ylo·

230 4036 359 4104 κοξνιοον,
385 4036 433 4094 aad
454 4051 501 4105 pro
526 4037 639 4088 ἄννιοον
654 4035 750 4093 Athea.
768 4035 810 4092 lx.
831 4038 889 4094 371·
907 4037 939 4092 D.
964 4051 1032 4092 auno
1058 4037 1178 4100 ἄννησον
1195 4043 1321 4106 receptum

230 4129 278 4176 est.
298 4121 336 4176 ut.
359 4120 483 4176 Fritzsch.
503 4118 536 4173 ad
557 4119 713 4187 'lhesruoph
732 4135 756 4172 r.
785 4120 844 4175 tao.
