2772 4992
57 260 130 325 DE
149 259 250 327 Nom.
265 259 430 337 QUORUM
445 259 557 326 unuh.
573 260 649 325 EST
663 260 869 326 nunninus.
892 261 925 326 C.
941 261 990 326 111
1010 269 1039 338 ς.
1049 264 1076 328 1.
1099 263 1169 331 363

33 425 168 490 esse.¹
214 417 446 490 Suhstantivum
468 426 737 506 ieminiuigeu'cris
752 442 844 490 unum
858 433 1001 507 superest
1013 425 1168 514 αλαθάνη.

32 524 137 588 Nam
170 541 229 607 pre
257 520 381 607 λατάθη
409 523 490 606 apud
520 524 765 604 Theophrastum
799 540 880 588 nunc
909 521 1028 610 λακάρη
1058 528 1169 609 legitur

37 623 189 688 arboris
212 640 332 688 nomen.
372 623 420 687 Ilii
440 630 542 687 autem
564 622 745 704 explicando
768 623 875 687 nescio
897 623 970 704 quid
989 642 1168 692 accommo-

39 721 167 785 datius
191 724 233 786 sit
254 740 345 804 quam
366 722 492 786 verbum
518 719 674 799 πλάττειν,
704 720 783 786 unda
810 717 956 805 τλαθάνη
989 731 1089 789 ortum
1118 733 1167 792 est

38 821 162 884 literis
186 822 251 885 sere
271 820 380 885 iisdem
401 820 458 885 scd
478 821 538 884 aiio
561 821 735 900 intellectu3
756 820 842 884 rcrhi
863 828 965 886 autem
987 830 1017 886 et
1034 827 1166 890 numinis

42 919 176 982 crebra
196 926 267 984 sunt
289 922 486 984 commercia:
514 918 557 994 εἰς
575 915 739 1002 τλαθάνης
758 914 876 1003 τρόπον
896 915 1036 984 πλάττειν
1055 924 1166 990 Athen.

42 1017 90 1080 X.
115 1017 193 1082 500.
216 1019 247 1083 C.
268 1013 396 1102 ταλώθη
419 1022 468 1083 est
486 1036 599 1082 mursa
616 1022 782 1099 picenium
803 1021 999 1100 caricarum,
1029 1039 1111 1104 quar
1132 1027 1166 1089 in

44 1132 187 1179 morem
222 1117 361 1182 luterum
393 1118 571 1198 flaccentes
607 1119 809 1198 comptaque!
843 1116 1016 1199 hieronym.
1052 1123 1163 1202 quihus

45 1215 291 1296 Wesselingius
318 1217 451 1280 illustrat
478 1211 660 1280 παντοδαπὰ
691 1211 853 1298 πλάσματα
882 1217 970 1282 Diod.
997 1218 1086 1283 xvir.
1113 1220 1163 1287 67.

46 1313 162 1377 Unum
186 1322 234 1379 est
253 1317 377 1396 generis
398 1317 537 1380 neutrius
557 1311 704 1397 μάραθον
725 1315 790 1378 sive
810 1309 985 1398 μάραθοον,
1007 1315 1089 1398 quod
1103 1319 1164 1382 ho-

50 1412 110 1476 die
139 1408 308 1496 μάλαθοον
338 1415 448 1478 dicitur
472 1432 501 1480 r.
531 1415 648 1479 Ceraes
676 1412 716 1477 ad
746 1412 865 1477 heliod.
891 1431 920 1494 p.
946 1414 1015 1480 218.
1044 1422 1074 1479 et
1098 1421 1164 1497 jam

53 1511 170 1576 Schul.
194 1513 322 1578 Theocr.
340 1513 402 1578 vri.
423 1512 472 1578 63.
500 1507 625 1595 ἄνηθον
641 1507 677 1576 τὸ
697 1506 870 1594 μαλνθρον,
892 1511 983 1593 idque
1004 1516 1102 1595 magis
1124 1533 1163 1580 ex

51 1627 150 1694 vcro,
171 1617 206 1675 ut
225 1612 362 1694 ridetur3
383 1628 453 1676 nam
475 1612 618 1675 anethum
644 1618 737 1693 poeta
758 1611 825 1690 ipsa
846 1610 908 1675 XV.
929 1610 996 1676 119.
1024 1607 1163 1693 μαλακόν

54 1712 270 1789 cognominat.
312 1710 410 1775 Unum
431 1710 562 1791 denique
583 1709 765 1791 adjectivum
787 1700 913 1790 ἀγαθός,
937 1710 1020 1791 quod
1039 1720 1162 1778 veteres

56 1809 101 1872 ah
138 1805 255 1892 ἄγαμαι
289 1815 432 1891 repetunt
459 1810 649 1872 assentiente
675 1809 859 1872 Buttmanno
886 1808 958 1872 Lex.
986 1809 1008 1871 l.
1036 1809 1086 1875 48.
1129 1810 1163 1876 Id

55 1907 135 1971 mihi
156 1910 314 1991 incertum,
336 1901 449 1990 ἄγαθίς
469 1907 560 1988 plana
586 1907 751 1971 insolubile
780 1905 908 1970 videtur.
948 1906 1033 1970 Haec
1061 1914 1163 1974 autem

59 2007 168 2070 omnia
189 2008 385 2089 penultimam
406 2007 531 2070 brevem
552 2005 674 2088 hahent,
696 2012 729 2068 ut
751 1999 911 2085 Μάραθος
938 2012 967 2069 et
994 2003 1162 2090 Μιτραγοὶ-

57 2110 125 2188 θης
146 2107 257 2172 Acsch.
277 2107 364 2170 Pers.
385 2106 435 2170 40.
457 2105 580 2185 longam
601 2122 675 2169 rere
706 2097 878 2182 Οὐιρίαθος
904 2123 931 2166 v.
959 2105 1094 2185 interpp.
1122 2106 1161 2171 ad

62 2203 119 2268 su.
140 2205 189 2269 ru.
212 2204 282 2270 355.
305 2211 335 2269 α
364 2205 500 2268 fortasse
528 2203 589 2266 uia
615 2203 816 2267 narratorum
843 2204 968 2267 nomina
992 2196 1163 2281 ὀοοαοος
1240 2187 1245 2204 ·

61 2319 92 2364 v.
117 2301 248 2367 Casaub.
270 2303 308 2367 ad
331 2303 460 2367 Trebeil.
484 2302 564 2383 Τοῖς.
578 2319 603 2366 c.
620 2302 683 2367 XV.
693 2295 879 2384 Ἀριαράθης
891 2303 1014 2367 Luciam.
1026 2303 1162 2370 Macruh.

63 2407 96 2475 §-
122 2399 168 2465 13.
196 2399 284 2466 Diod
305 2401 352 2464 Fr.
373 2401 406 2464 L.
435 2401 539 2466 XXXI.
561 2401 609 2465 22.
652 2401 733 2465 Urhs
761 2401 917 2466 Galilaeae
949 2397 1101 2483 Φάραθος
1131 2409 1162 2468 et

53 2495 194 2579 Ἆραθος
225 2500 327 2562 insula
354 2499 441 2562 sinus
468 2499 585 2564 Persici
614 2501 742 2565 Ptolem.
770 2502 802 2563 in
833 2500 925 2565 dubio
953 2500 1161 2584 relinquenda.

62 2599 120 2664 His
148 2598 272 2663 finitima
292 2604 364 2661 sunt
390 2615 469 2678 quae
497 2597 717 2664 Grammaticus
748 2600 846 2664 Cram.
865 2599 902 2662 li.
924 2599 994 2664 318.
1017 2600 1161 2666 edisserit

63 2692 104 2762 τὰ
123 2692 207 2782 παρὰ
225 2693 261 2762 τὸ
282 2685 375 2772 acii-ms
395 2698 476 2777 (sine
499 2703 642 2780 accentu)
670 2692 723 2762 dci
747 2700 805 2763 τοῦ
825 2683 867 2762 αἶ
884 2693 1034 2780 γράφεται
1052 2694 1163 2780 φάλαι-

64 2801 137 2880 θος,
156 2793 319 2880 nummos,
340 2791 506 2877 diductius.
547 2797 607 2861 Pro
630 2798 729 2879 primu
751 2798 898 2862 substitui
920 2802 1025 2878 potest
1046 2797 1162 2864 Σάλαο

65 2901 126 2971 θος
143 2895 402 2961 Lacedaemonius
426 2895 559 2974 Thucyd.
581 2913 637 2976 pro
660 2896 796 2960 secunde
819 2891 984 2970 Κύναιθος
1005 2914 1044 2960 en
1059 2898 1162 2978 apoi-

65 2995 175 3060 lodoro
216 3001 328 3076 notus;
347 2989 523 3076 Ὀλίγαοθος
544 3011 563 3058 a
581 2994 712 3058 Pindaro
735 2994 923 3074 celebratur;
948 2994 1029 3058 duvii
1050 3013 1162 3063 nomen

68 3093 157 3158 modo
179 3111 234 3174 per
254 3095 319 3157 ieta
347 3094 504 3176 scribitur,
531 3093 622 3157 mode
650 3089 817 3174 Σύμαοθος
843 3094 945 3174 ypsiio
974 3110 1056 3158 nuuc
1084 3113 1163 3176 pro-

70 3193 159 3258 ducte
179 3209 260 3255 nunc
281 3200 425 3273 correpto
447 3211 475 3257 v.
495 3191 630 3256 Becehh.
659 3191 697 3256 ad
724 3193 819 3256 inscr.
845 3193 921 3257 Nav.
950 3209 979 3272 p.
1000 3193 1049 3258 82.
1079 3194 1163 3260 The·

71 3298 217 3372 cgnustus
242 3307 271 3370 p.
292 3289 341 3355 59.
371 3289 454 3356 addit
486 3285 651 3366 Τενέαιθος
676 3288 814 3373 ποταμός
840 3290 987 3356 mendose
1014 3294 1162 3374 scriptum

70 3408 125 3472 pro
153 3385 307 3472 Νέαιθος,
336 3389 420 3470 quod
446 3396 559 3471 poetae
587 3386 756 3465 Ναύανθος
785 3395 816 3453 et
838 3385 984 3473 Νὴαοθος
1005 3392 1162 3471 appellant

71 3507 108 3554 en
126 3489 202 3562 ναῦς
222 3495 252 3552 et
273 3489 357 3552 aihu
378 3489 541 3552 condatum
562 3495 715 3569 putantes.
756 3489 824 3553 Hoc
851 3489 1006 3554 nonnullis
1027 3489 1162 3554 virorum

71 3589 238 3653 nominihus
260 3589 418 3652 convenit:
437 3588 580 3666 Δίανθος,
606 3589 758 3661 Φίλανθος
769 3589 801 3651 in
818 3589 923 3653 Marm.
939 3588 1042 3651 Noint.
1054 3582 1161 3651 Ὄναι-

72 3693 129 3763 θος
146 3689 235 3753 Paus.
255 3689 290 3753 V.
311 3685 365 3766 28,
386 3687 415 3750 d.
444 3686 500 3752 sed
528 3701 591 3750 uon
621 3686 761 3750 omnihus
789 3686 971 3767 minimaque
997 3687 1160 3766 gentiliciis

137 3925 163 3992 1)
181 3921 262 3978 Omisi
281 3923 382 3978 incerta
403 3921 527 3990 hesychii
542 3918 692 3990 ’θρκάθονς
709 3919 757 3990 ἐφ’
778 3910 816 3972 ὧν
832 3919 866 3974 τὰ
879 3919 948 3973 σῦκα
962 3919 1083 3990 ψύχονσι
1098 3922 1160 3990 (ac.

76 4013 146 4112 centu
164 4013 251 4146 cntutra
268 4005 384 4075 regulam
402 4007 501 4074 posito)
520 4008 645 4062 Ψτναθος
661 4005 715 4064 αἲξ,
733 4002 865 4070 repudia
887 4004 1024 4075 τρυβλίον,
1047 4005 1163 4060 racadu

77 4109 152 4157 ηῠῦθν
168 4104 219 4148 00·
