2744 4982
225 231 290 298 tol
565 224 904 293 DISSERI'A'IIO
936 225 986 291 ill

231 379 285 448 Sia
300 379 393 448 otia!
414 372 615 462 ἀμηὴοομος,
637 375 723 458 quod
739 376 832 444 autb
858 375 908 442 lx
928 376 999 444 575.
1018 375 1197 442 restitnit!
1212 383 1271 440 ost
1287 393 1340 458 pro

232 479 340 562 inepto
360 470 557 562 ὼονὴονμος,
577 476 617 540 ab
638 477 787 540 inusitato
807 469 923 556 ἀννιός
942 475 1115 540 derivatur·
1135 474 1260 540 ridetur
1284 476 1342 538 ob-

232 583 380 644 versante
409 579 546 644 tortasse
573 575 681 656 spooia
708 575 862 657 partieipli
888 573 1001 638 aeolioi
1026 566 1225 656 ἆρνιήμοιοο
1282 574 1344 638 Ce-

234 685 333 744 lerum
354 681 521 744 armemur
541 675 680 740 novitate
701 674 849 738 tumoris.
889 673 959 736 lloe
979 671 1088 736 durius
1108 672 1168 738 sed
1184 673 1272 736 idern
1295 691 1345 736 re-

233 777 355 842 oentios
376 769 663 856 estimandum
696 766 932 853 Παιονίοψον
949 765 1131 853 dvocabo
1149 767 1250 854 οοφές
1272 772 1344 844 Iles,

235 877 371 940 tortasse
389 869 603 956 ωοοήοψον
624 870 820 938 soribeudum
839 887 861 934 a
878 874 1026 952 πεπαρεῖν
1044 867 1216 953 διανοήσει
1235 876 1275 934 ut
1296 891 1345 932 τι·

232 968 357 1057 ropp'oo
376 989 396 1038 a
416 973 513 1037 verbo
533 971 649 1058 πεινᾷν,
670 968 751 1034 unde
771 965 956 1048 διαπρύσιον
977 968 1063 1050 quod
1083 969 1166 1034 idem
1186 971 1346 1050 interpre-

236 1077 318 1136 tatur
337 1067 578 1154 dmuopedoprov
606 1063 810 1147 ἐξώιονοτον,
839 1067 1009 1148 eodemque
1037 1069 1197 1148 pertinere
1221 1068 1346 1131 ridetur

238 1171 392 1250 Πενιορεῖν
411 1168 522 1236 δοῦναι
540 1163 820 1251 νίΠαορασμένος
839 1162 983 1250 φανερός.
1007 1161 1240 1248 ’Ῥιεχδέσιμος,
1260 1165 1346 1250 quod

237 1264 445 1336 Schneiderus
478 1269 565 1336 allent
600 1285 639 1334 οι
670 1267 796 1333 loedere
830 1268 1102 1350 Hierapytniornm
1130 1275 1281 1347 tanquam
1309 1265 1345 1327 ab

236 1361 374 1450 ἄχθομαι
400 1367 601 1452 decimatum,
638 1366 714 1431 nihil
740 1363 823 1430 aliud
856 1373 906 1430 est
932 1383 1023 1448 quarn
1049 1361 1270 1447 ὑπειιθέοιμος,
1307 1397 1347 1409 —-

236 1461 325 1530 lluno
353 1471 455 1532 auteur
481 1465 768 1532 numerosIssimum
797 1465 965 1530 verbalium
1000 1466 1140 1530 ordinenr
1168 1466 1347 1546 importune

237 1563 431 1648 interrumpit
457 1581 651 1647 parouymon
671 1565 704 1630 in
723 1563 910 1628 Philemonis
932 1581 1024 1628 versu
1044 1563 1093 1628 Fr.
1117 1583 1148 1646 p.
1170 1565 1240 1629 377.
1267 1558 1348 1644 Ἀρ-

236 1683 302 1746 νεμι
324 1664 439 1728 τοῦτον
466 1677 517 1728 σοι
541 1657 629 1747 φέρον
656 1657 713 1726 τὸν
733 1654 924 1744 ἇμφιφῶνιιι
944 1659 997 1726 καί
1017 1660 1231 1746 σπονδήσιμα,
1262 1659 1349 1744 quod

238 1759 329 1826 laoile
357 1763 577 1830 exterminatur
598 1761 805 1844 disjunctione
831 1755 971 1844 σπονδὴν
991 1757 1055 1846 ἅμα
1074 1763 1141 1846 vel,
1169 1770 1205 1827 ut
1226 1762 1348 1826 Goraes

239 1861 349 1946 suasit,
369 1856 507 1938 σπονδὰς
526 1857 598 1944 ἅμα.
640 1861 779 1926 Alterum
800 1868 849 1924 est
861 1861 976 1942 χωρίον
995 1859 1155 1942 δρυμῶδες
1177 1855 1349 1924 rossam

237 1983 298 2046 μον
317 1957 511 2046 καλούμενον
531 1959 638 2024 Pteleo
657 1960 790 2024 ricinum
810 1961 912 2026 Strab.
927 1959 1089 2026 villoso.
1107 1977 1167 2042 pro
1186 1978 1248 2042 quo
1266 1961 1350 2021 Πτε-

239 2055 379 2126 emendo
400 2059 595 2128 scribendum
616 2065 691 2141 puto
714 2063 748 2122 nt
767 2059 856 2125 loous
877 2058 975 2122 Ebdis
988 2055 1133 2141 Σαμικόν
1153 2059 1280 2141 dieitur,
1299 2055 1350 2119 uel

243 2153 428 2226 Πτείνοίοιον
454 2167 488 2224 ut
515 2153 660 2222 οπεδιδν
679 2154 844 2237 πιδιοίοιος,
874 2157 957 2239 quod
977 2159 1009 2221 iu
1028 2159 1135 2223 Dioso.
1157 2159 1232 2223 ilat
1253 2159 1279 2224 I
1299 2158 1347 2222 77.

240 2261 410 2344 reposiium
431 2263 481 2325 est
502 2274 558 2341 pro
578 2251 762 2339 ποδιάοιμος.
793 2258 890 2338 Hujus
904 2259 984 2321 enim
999 2259 1229 2323 terminationis
1239 2275 1349 2322 exem-

240 2357 323 2444 plum
344 2357 458 2422 nullum
480 2357 617 2440 suppetit
643 2363 767 2438 praeter
787 2357 935 2420 novitium
958 2364 989 2422 et
1011 2359 1172 2438 proprIum
1197 2354 1348 2421 Πεδιάσι-

241 2477 316 2538 μος,
344 2473 405 2540 quo
427 2455 519 2522 modo
543 2455 765 2521 Grammaticus
787 2456 884 2521 soouli
905 2456 1014 2522 decimi
1035 2458 1138 2539 quarti
1157 2463 1296 2520 vocatur
1323 2475 1347 2516 ι.

241 2553 395 2620 ltluatzell.
423 2552 460 2620 da
484 2553 640 2634 Ibaogon.
668 2572 698 2639 p.
721 2555 790 2622 295.
812 2573 859 2638 sq.
910 2550 1047 2638 Φύζίμος
1075 2547 1158 2638 ὀδμή
1184 2555 1347 2636 Bentlejus

241 2652 308 2718 Nlo.
332 2649 385 2718 Tb.
409 2651 459 2719 54.
483 2651 627 2736 praetulit
647 2651 773 2734 vulgato
794 2651 935 2738 φύξιιως·
978 2654 1041 2720 Sed
1060 2655 1122 2719 luoo
1137 2663 1170 2720 et
1183 2656 1348 2738 composi-

241 2757 304 2816 tum
323 2746 535 2836 κατοφύξιμος
554 2751 608 2817 illo
630 2751 747 2817 eortina
769 2753 864 2819 οεί.16
890 2747 1045 2835 Singulari
1065 2756 1116 2818 via
1136 2755 1284 2820 derivata
1295 2754 1347 2822 sed

240 2849 362 2916 minima
382 2848 474 2916 dubia
495 2857 567 2915 suut
586 2849 734 2932 φαίδιμος
754 2861 785 2918 et
805 2848 973 2936 γνώριμος,
1001 2853 1113 2935 qubus
1141 2870 1226 2934 quae
1246 2855 1348 2918 iuter-

240 2965 354 3016 ueuere
381 2965 554 3034 oonsonaa,
582 2949 707 3014 eaedem
728 2959 879 3035 apparant
899 2952 932 3014 in
952 2953 1080 3035 proprio
1109 2953 1243 3018 Φαίδων
1265 2962 1300 3018 et
1320 2955 1349 3015 iu

242 3045 339 3114 latino
368 3065 500 3133 guarus,
527 3050 689 3133 gnaruris,
716 3067 808 3115 uarro
836 3050 981 3134 γνωρίζω.
1027 3053 1159 3118 Dasueti
1183 3047 1350 3136 διιὴτριμος

241 3145 287 3228 (at
316 3143 556 3233 πονοοήιοιμος)
591 3145 652 3212 duo
687 3154 789 3229 styma
815 3149 996 3214 Eustalbius
1022 3153 1172 3232 proponit
1198 3153 1271 3234 τρία
1301 3151 1348 3217 vel

239 3237 348 3330 ἥνριον
367 3263 474 3332 parum
495 3245 685 3330 probabilia,
706 3264 764 3312 neo
785 3249 927 3332 probata,
948 3254 982 3313 ut
1000 3249 1135 3334 videtur,
1163 3251 1347 3319 Ptolemaeo

242 3343 294 3424 qul
314 3361 422 3412 vooem
452 3347 534 3412 uouit
555 3345 740 3412 adversante
767 3345 943 3414 Herodiano
966 3346 1005 3413 ad
1025 3349 1058 3414 Il.
1078 3348 1186 3415 XVIII.
1209 3352 1283 3418 211.
1313 3349 1348 3418 τὰ

239 3436 300 3528 γὰρ
326 3444 369 3522 εἰς
390 3429 468 3528 effi
479 3439 558 3530 ὑπὲρ
582 3439 642 3510 δύο
656 3440 810 3529 dumille
822 3447 927 3530 κοίτην
939 3440 1003 3512 ἀπὸ
1023 3442 1131 3524 τέλους
1151 3445 1212 3532 ἔχει
1234 3445 1347 3530 ὀξεῖαν.

238 3539 288 3608 td
308 3543 521 3628 explloandum
538 3538 730 3628 moues
750 3544 1085 3620 scholarium&
1107 3555 1139 3613 ot
1160 3550 1229 3615 llll.
1251 3557 1348 3620 multa

307 3791 352 3862 ttl)
376 3795 441 3860 οίνη
466 3787 606 3862 opattam:
628 3798 713 3849 utrum
736 3797 771 3851 sil
794 3797 949 3852 ooouarlum
970 3797 1030 3863 elus
1056 3797 1128 3866 quod
1148 3799 1247 3859 Cloero
1261 3806 1347 3859 uino·

235 3865 340 3936 tuum
356 3873 429 3945 οιιιι,
447 3889 480 3932 ιιι
497 3873 569 3930 ruem
586 3875 657 3942 quon
675 3880 703 3932 ιι
719 3877 841 3948 Iulipa.
861 3881 959 3950 οικιορ
976 3869 1276 3956 reseruemur,
1296 3890 1346 3946 uec

237 3955 509 4092 marmium
532 3954 676 4029 oredimus,
695 3959 839 4031 ἆφόσιμον
855 3963 902 4016 καί
919 3960 1070 4033 diplomati,
1095 3965 1168 4024 baud
1188 3970 1275 4028 facilis
1294 3990 1343 4032 ex·

345 4051 370 4094 0.
