2768 4994
143 1111 320 1194 Nominum,
342 1129 420 1194 quae
441 1111 511 1176 lruic
533 1113 707 1194 quaestioni
722 1114 864 1194 subjecta
878 1119 959 1196 sunt,
976 1129 1067 1194 quum
1083 1117 1169 1175 tanta

34 1210 95 1272 sit
132 1212 229 1292 copia
261 1217 295 1274 ut
325 1213 385 1274 nisi
418 1213 531 1292 partita
563 1220 593 1277 et
627 1212 789 1278 distributa
820 1213 968 1276 illustrari
1002 1218 1166 1294 nequeant,

34 1308 241 1389 partitionis
271 1316 372 1373 autem
401 1312 480 1373 ratio
502 1328 563 1374 una
585 1318 739 1396 suppetat,
762 1329 800 1375 ex
822 1313 942 1393 etymis,
964 1313 1075 1392 quibus
1098 1312 1167 1374 sin-

35 1404 132 1483 gula
155 1403 340 1491 adhaerent,
368 1410 541 1474 universam
571 1412 747 1475 turbemin
775 1417 822 1474 tot
850 1411 970 1475 classes
993 1410 1165 1474 describam

37 1510 136 1584 quot
170 1512 243 1568 sunt
271 1508 420 1570 orationis
450 1515 556 1589 partes
587 1509 625 1573 ad
655 1508 885 1592 propagandum
913 1509 1049 1590 habiles,
1078 1507 1164 1572 acsi

40 1601 132 1682 quid
153 1603 337 1668 intercurret
358 1607 500 1689 ambigui,
523 1625 560 1671 eo
583 1616 757 1689 apponetur
772 1609 852 1691 loco,
875 1610 924 1671 cui
937 1608 1066 1672 manime
1084 1623 1164 1670 oon-

38 1701 165 1766 venire
187 1709 240 1766 aut
260 1705 382 1768 minime
404 1705 618 1772 disconvenire
638 1708 799 1798 ridebitur.

140 1823 173 1892 §-
204 1816 230 1882 1.
279 1820 327 1886 Ab
354 1821 620 1888 indeclinabilibus
658 1823 717 1886 duo
754 1826 976 1900 processerunt
1012 1815 1097 1900 διχάς
1131 1825 1161 1882 et

44 1909 162 1994 εὐάς,1
190 1933 269 1998 qnae
297 1920 324 1983 si
346 1922 415 2001 quis
438 1939 457 1984 a
478 1923 589 1986 futuris
613 1921 717 2004 potius
746 1920 792 1981 sic
814 1924 846 1980 ut
866 1923 988 1980 ueteres
1009 1915 1107 1990 Αὐλίς
1125 1913 1160 1979 ἐκ

44 2015 111 2077 τοῦ
132 2007 251 2078 critico
272 2017 405 2097 Epimer.
429 2018 526 2085 Cram.
548 2021 570 2084 Ι.
593 2020 642 2086 15.
663 2015 746 2090 ἐλπίς
766 2017 804 2080 ab
827 2012 933 2092 ἐλπίζω
963 2022 1021 2079 eto.
1045 2035 1073 2078 v.
1095 2015 1159 2078 Pa-

45 2113 122 2177 uall.
145 2113 214 2178 122.
236 2117 423 2180 arcessenda
444 2125 531 2198 putet
553 2124 583 2181 et
605 2118 744 2181 similiter
765 2111 862 2192 ψεκάς
882 2133 900 2178 a
927 2110 1069 2192 ψεκάσω,
1098 2129 1157 2177 στι-

47 2208 111 2294 βάς
134 2229 153 2275 a
175 2209 323 2296 στοιβάζω
345 2215 410 2287 EM,
433 2215 575 2280 ostendat
604 2220 728 2293 oportet
756 2231 810 2278 cur
837 2215 1062 2277 circumluente
1083 2231 1158 2278 ver-

47 2312 165 2375 borum
193 2313 366 2393 huJusmodi
395 2316 486 2395 copia
513 2320 574 2376 tam
602 2329 702 2393 pauca
723 2315 915 2393 reperiantur
937 2331 1015 2394 quae
1036 2315 1074 2377 ab
1096 2314 1156 2378 hoo

50 2411 207 2491 principio
236 2412 334 2492 repeti
356 2415 494 2495 possint,
522 2411 636 2474 nullum
656 2411 738 2492 quod
760 2428 891 2476 necesse
913 2413 971 2492 sit,
993 2430 1062 2477 nam
1087 2415 1156 2476 Θυ-

51 2505 156 2584 σιάόες
183 2505 286 2574 ἔνθεοι
312 2510 443 2590 Hesyoh.
471 2513 503 2574 in
529 2505 682 2583 θυστάδες
708 2512 883 2576 mutandum
913 2517 977 2594 est,
998 2529 1055 2592 pro
1085 2504 1155 2576 οἷον

51 2609 168 2682 θυσίας
195 2609 270 2691 (sic)
298 2604 598 2691 dodaicc‘Philostr.
625 2610 737 2690 lmagg.
763 2609 798 2672 ll.
823 2607 871 2684 19,
892 2608 964 2676 826.
988 2609 1153 2676 Jacoosius

53 2714 139 2770 recte
158 2703 254 2782 θνιάς
275 2711 396 2790 posuit;
425 2726 482 2773 nec
501 2703 628 2791 βακχιάς
649 2726 668 2772 a
688 2703 844 2791 βακχιάσω
867 2707 1035 2772 derivatum
1057 2709 1113 2774 sed
1134 2727 1154 2774 a

55 2801 186 2888 βάκχιος.
208 2843 249 2853 -
269 2808 365 2871 Multo
388 2809 477 2890 plura
498 2825 536 2872 ox
557 2808 660 2871 uerbis
689 2808 867 2889 exuberant,
890 2823 969 2888 quae
991 2809 1063 2888 quia
1085 2825 1153 2872 oum

57 2905 122 2967 aliis
145 2906 311 2969 cohaerent
324 2907 456 2986 posthac
470 2906 642 2988 afferendis,
655 2922 849 2970 numerorum
862 2907 945 2969 notis
961 2906 1153 2988 distinguam.

56 3003 184 3066 Primum
212 3005 304 3083 igitur
334 3005 374 3080 (ll
404 3023 422 3068 a
444 3007 544 3086 puris:
577 3000 671 3078 θυιάς
697 3000 781 3086 παρὰ
807 2999 843 3068 τὸ
869 2999 943 3068 θύω
970 3007 1152 3092 πλεονασμῷ

56 3103 111 3166 τοῦ
130 3101 147 3166 ῖ
166 3101 231 3166 EM.
252 3102 322 3185 457,
346 3101 392 3168 19.
414 3103 465 3184 qui
487 3104 685 3184 pleonasmus
705 3105 738 3168 in
759 3106 879 3168 aeolico
901 3104 983 3168 octo
998 3107 1153 3188 apparet‚²

56 3196 127 3276 ψιᾰς
153 3194 215 3263 ἀπὸ
242 3202 300 3264 τοῦ
326 3203 389 3276 otu
420 3201 523 3266 Schol.
547 3202 675 3267 Theoor.
698 3202 718 3267 1.
740 3222 767 3268 v.
791 3203 818 3269 1.
840 3201 924 3284 quod
945 3219 1013 3266 oum
1033 3203 1152 3267 Eusta-

58 3302 135 3365 thius
156 3295 290 3382 α”ῥρητον
310 3297 393 3382 ῥῆμα
413 3306 550 3383 vocaret,
570 3299 671 3364 solum
693 3302 829 3365 lortasse
851 3317 1001 3382 praesens
1023 3308 1152 3382 specta·
1260 3353 1263 3360 .

57 3401 107 3480 rit,
126 3393 231 3476 πτυάς,
252 3395 366 3478 alode,
383 3391 465 3472 ‘de
509 3400 651 3463 Secundo
676 3400 729 3482 (ll)
751 3396 884 3481 βοσκάς,
913 3394 999 3482 ἰσχάς
1026 3416 1152 3484 ancora,

57 3490 177 3582 μαινάς,
198 3493 328 3578 polluis,
358 3504 388 3562 et
416 3515 495 3579 quae
521 3498 709 3562 Philoxenus
730 3499 797 3563 EM.
818 3497 897 3581 818,
917 3498 967 3565 48.
988 3515 1056 3562 cum
1076 3494 1151 3574 ψιάς

63 3671 345 3684 m

123 3778 149 3846 1)
171 3777 211 3833 Ab
236 3777 353 3846 epitheto
367 3757 417 3834 'dci
440 3778 513 3834 Εὔας
529 3777 649 3836 Edonos
664 3781 816 3832 nasceretur
833 3776 937 3834 εὐαντίς
954 3777 996 3834 vel
1022 3776 1148 3835 εὐαντιάς

61 3865 87 3918 ut
103 3863 211 3919 Θοαντίς
228 3860 370 3920 coacticia.
405 3860 458 3917 sed
474 3862 592 3916 novimus
611 3860 688 3914 modo
706 3861 838 3929 proprium
854 3857 1011 3924 Εὔαντίδης.

120 3960 147 4028 2)
168 3959 287 4017 Eundem
310 3959 459 4016 llindorfius
482 3961 611 4016 transtulit
635 3959 668 4015 ad
687 3956 871 4027 παραφυάδες
886 3961 913 4013 in
929 3958 1053 4014 Nicandri
1068 3973 1146 4016 versu

63 4041 257 4100 Athenium.
276 4044 307 4098 n.
326 4044 375 4101 sed
396 4043 549 4102 atvertum
570 4042 632 4114 φύω
651 4041 779 4100 interdum
794 4042 897 4112 ypsilon
910 4043 1016 4110 longum
1035 4041 1124 4100 habet.
