<?xml version="1.0" encoding="UTF-8"?>
<!DOCTYPE html PUBLIC "-//W3C//DTD XHTML 1.0 Transitional//EN"
    "http://www.w3.org/TR/xhtml1/DTD/xhtml1-transitional.dtd">
<html xmlns="http://www.w3.org/1999/xhtml" xml:lang="en" lang="en">
 <head>
  <title>
</title>
<meta http-equiv="Content-Type" content="text/html;charset=utf-8" />
  <meta name='ocr-system' content='tesseract 3.04.00' />
  <meta name='ocr-capabilities' content='ocr_page ocr_carea ocr_par ocr_line ocrx_word'/>
</head>
<body>
  <div class='ocr_page' id='page_1' title='image "./pathologiaeserm01lobegoog_0041.png"; bbox 0 0 2788 4986; ppageno 0'>
   <div class='ocr_carea' id='block_1_1' title="bbox 219 242 955 309">
    <p class='ocr_par' dir='ltr' id='par_1_1' title="bbox 219 116 1378 346">
     <span class='ocr_line' id='line_1_1' title="bbox 219 242 955 309; baseline -0.002 -1"><span class='ocrx_word' id='word_1_1' title='bbox 219 242 265 308; x_wconf 69' lang='lat'><strong>24</strong></span> <span class='ocrx_word' id='word_1_2' title='bbox 575 242 898 309; x_wconf 81' lang='lat' dir='ltr'><strong>Dissuurnutu</strong></span> <span class='ocrx_word' id='word_1_3' title='bbox 934 244 955 308; x_wconf 90' lang='lat'><strong>1.</strong></span> 
     </span>
    </p>
   </div>
   <div class='ocr_carea' id='block_1_2' title="bbox 220 405 1383 1562">
    <p class='ocr_par' dir='ltr' id='par_1_2' title="bbox 220 405 1383 1562">
     <span class='ocr_line' id='line_1_2' title="bbox 222 405 1331 488; baseline 0.007 -20"><span class='ocrx_word' id='word_1_4' title='bbox 222 412 314 486; x_wconf 84' lang='lat' dir='ltr'><strong>oupot</strong></span> <span class='ocrx_word' id='word_1_5' title='bbox 336 413 368 470; x_wconf 96' lang='lat' dir='ltr'><strong>ut</strong></span> <span class='ocrx_word' id='word_1_6' title='bbox 388 405 479 488; x_wconf 74' lang='lat' dir='ltr'><strong>finis,</strong></span> <span class='ocrx_word' id='word_1_7' title='bbox 502 411 621 488; x_wconf 76' lang='lat' dir='ltr'><strong>cortes,</strong></span> <span class='ocrx_word' id='word_1_8' title='bbox 644 425 766 488; x_wconf 81' lang='lat' dir='ltr'><strong>morpo,</strong></span> <span class='ocrx_word' id='word_1_9' title='bbox 789 424 876 487; x_wconf 75' lang='lat' dir='ltr'><strong>prus,</strong></span> <span class='ocrx_word' id='word_1_10' title='bbox 900 406 993 486; x_wconf 79' lang='lat' dir='ltr'><strong>tuto,</strong></span> <span class='ocrx_word' id='word_1_11' title='bbox 1016 408 1113 472; x_wconf 84' lang='lat' dir='ltr'><strong>domo</strong></span> <span class='ocrx_word' id='word_1_12' title='bbox 1135 416 1194 475; x_wconf 88' lang='lat' dir='ltr'><strong>eto.</strong></span> <span class='ocrx_word' id='word_1_13' title='bbox 1206 409 1234 450; x_wconf 83' lang='lat'><strong>¹⁰</strong></span> <span class='ocrx_word' id='word_1_14' title='bbox 1276 411 1331 476; x_wconf 92' lang='lat' dir='ltr'><strong>ln-</strong></span> 
     </span>
     <span class='ocr_line' id='line_1_3' title="bbox 223 504 1379 589; baseline -0.001 -18"><span class='ocrx_word' id='word_1_15' title='bbox 223 515 269 572; x_wconf 83' lang='lat' dir='ltr'><strong>ter</strong></span> <span class='ocrx_word' id='word_1_16' title='bbox 296 506 474 586; x_wconf 90' lang='lat' dir='ltr'><strong>promisuua</strong></span> <span class='ocrx_word' id='word_1_17' title='bbox 502 514 602 569; x_wconf 88' lang='lat' dir='ltr'><strong>autem</strong></span> <span class='ocrx_word' id='word_1_18' title='bbox 631 513 662 568; x_wconf 91' lang='lat' dir='ltr'><strong>et</strong></span> <span class='ocrx_word' id='word_1_19' title='bbox 689 507 862 570; x_wconf 88' lang='lat' dir='ltr'><strong>eommunia</strong></span> <span class='ocrx_word' id='word_1_20' title='bbox 883 505 943 569; x_wconf 84' lang='lat' dir='ltr'><strong>loe</strong></span> <span class='ocrx_word' id='word_1_21' title='bbox 965 504 1064 570; x_wconf 82' lang='lat' dir='ltr'><strong>dillert</strong></span> <span class='ocrx_word' id='word_1_22' title='bbox 1085 506 1169 589; x_wconf 84' lang='lat' dir='ltr'><strong>quod</strong></span> <span class='ocrx_word' id='word_1_23' title='bbox 1190 509 1247 572; x_wconf 90' lang='lat' dir='ltr'><strong>illa</strong></span> <span class='ocrx_word' id='word_1_24' title='bbox 1268 525 1332 573; x_wconf 89' lang='lat' dir='ltr'><strong>una</strong></span> <span class='ocrx_word' id='word_1_25' title='bbox 1378 565 1379 570; x_wconf 75' lang='grc'>,</span> 
     </span>
     <span class='ocr_line' id='line_1_4' title="bbox 220 604 1332 691; baseline 0.005 -25"><span class='ocrx_word' id='word_1_26' title='bbox 220 620 299 667; x_wconf 88' lang='lat' dir='ltr'><strong>vooe</strong></span> <span class='ocrx_word' id='word_1_27' title='bbox 314 611 344 668; x_wconf 89' lang='lat' dir='ltr'><strong>et</strong></span> <span class='ocrx_word' id='word_1_28' title='bbox 360 621 421 668; x_wconf 93' lang='lat' dir='ltr'><strong>uno</strong></span> <span class='ocrx_word' id='word_1_29' title='bbox 435 604 565 668; x_wconf 87' lang='lat' dir='ltr'><strong>ertieulo</strong></span> <span class='ocrx_word' id='word_1_30' title='bbox 581 604 740 686; x_wconf 88' lang='lat' dir='ltr'><strong>utriusque</strong></span> <span class='ocrx_word' id='word_1_31' title='bbox 756 611 884 668; x_wconf 86' lang='lat' dir='ltr'><strong>naturae</strong></span> <span class='ocrx_word' id='word_1_32' title='bbox 898 605 1236 691; x_wconf 84' lang='lat' dir='ltr'><strong>animaliesigniionnt‚</strong></span> <span class='ocrx_word' id='word_1_33' title='bbox 1252 609 1332 672; x_wconf 85' lang='lat' dir='ltr'><strong>haee</strong></span> 
     </span>
     <span class='ocr_line' id='line_1_5' title="bbox 222 701 1332 787; baseline 0.003 -21"><span class='ocrx_word' id='word_1_34' title='bbox 222 707 325 766; x_wconf 81' lang='lat' dir='ltr'><strong>euntem</strong></span> <span class='ocrx_word' id='word_1_35' title='bbox 352 701 474 784; x_wconf 87' lang='lat' dir='ltr'><strong>adjecto</strong></span> <span class='ocrx_word' id='word_1_36' title='bbox 503 703 672 768; x_wconf 85' lang='lat' dir='ltr'><strong>masculino</strong></span> <span class='ocrx_word' id='word_1_37' title='bbox 702 704 832 768; x_wconf 81' lang='lat' dir='ltr'><strong>articulo</strong></span> <span class='ocrx_word' id='word_1_38' title='bbox 866 720 967 766; x_wconf 85' lang='lat' dir='ltr'><strong>mares</strong></span> <span class='ocrx_word' id='word_1_39' title='bbox 995 703 1147 787; x_wconf 89' lang='lat' dir='ltr'><strong>indioant,</strong></span> <span class='ocrx_word' id='word_1_40' title='bbox 1182 707 1332 772; x_wconf 80' lang='lat' dir='ltr'><strong>feminino</strong></span> 
     </span>
     <span class='ocr_line' id='line_1_6' title="bbox 224 795 1335 886; baseline 0.001 -21"><span class='ocrx_word' id='word_1_41' title='bbox 224 801 391 866; x_wconf 79' lang='lat' dir='ltr'><strong>seminas¹¹</strong></span> <span class='ocrx_word' id='word_1_42' title='bbox 413 795 431 866; x_wconf 87' lang='grc' dir='ltr'>ὁ</span> <span class='ocrx_word' id='word_1_43' title='bbox 451 796 527 876; x_wconf 79' lang='grc' dir='ltr'><strong><em>θεός</em></strong></span> <span class='ocrx_word' id='word_1_44' title='bbox 551 795 571 884; x_wconf 82' lang='grc' dir='ltr'><em>ἡ</em></span> <span class='ocrx_word' id='word_1_45' title='bbox 599 797 689 880; x_wconf 74' lang='grc' dir='ltr'><strong><em>θεὸς,</em></strong></span> <span class='ocrx_word' id='word_1_46' title='bbox 718 796 736 865; x_wconf 83' lang='grc' dir='ltr'><strong>ὁ</strong></span> <span class='ocrx_word' id='word_1_47' title='bbox 758 798 927 883; x_wconf 79' lang='grc' dir='ltr'><strong><em>ἅνθρωπος</em></strong></span> <span class='ocrx_word' id='word_1_48' title='bbox 952 796 972 884; x_wconf 77' lang='grc' dir='ltr'><strong><em>ἡ</em></strong></span> <span class='ocrx_word' id='word_1_49' title='bbox 994 798 1180 886; x_wconf 77' lang='grc' dir='ltr'><strong><em>ἅνθρωπος,</em></strong></span> <span class='ocrx_word' id='word_1_50' title='bbox 1202 798 1222 868; x_wconf 88' lang='grc' dir='ltr'>ὁ</span> <span class='ocrx_word' id='word_1_51' title='bbox 1243 802 1335 879; x_wconf 81' lang='grc' dir='ltr'><strong><em>κάσις</em></strong></span> 
     </span>
     <span class='ocr_line' id='line_1_7' title="bbox 224 893 1333 985; baseline 0.003 -22"><span class='ocrx_word' id='word_1_52' title='bbox 224 893 244 982; x_wconf 78' lang='grc' dir='ltr'><em>ἡ</em></span> <span class='ocrx_word' id='word_1_53' title='bbox 266 895 363 980; x_wconf 81' lang='grc' dir='ltr'><strong><em>κάσις,</em></strong></span> <span class='ocrx_word' id='word_1_54' title='bbox 386 893 404 964; x_wconf 87' lang='grc' dir='ltr'>ὁ</span> <span class='ocrx_word' id='word_1_55' title='bbox 425 895 530 980; x_wconf 76' lang='grc' dir='ltr'><strong><em>πέρδιξ</em></strong></span> <span class='ocrx_word' id='word_1_56' title='bbox 550 893 570 984; x_wconf 76' lang='grc' dir='ltr'><strong><em>ἡ</em></strong></span> <span class='ocrx_word' id='word_1_57' title='bbox 590 893 705 982; x_wconf 76' lang='grc' dir='ltr'><strong><em>πέρδιξ,</em></strong></span> <span class='ocrx_word' id='word_1_58' title='bbox 728 893 746 964; x_wconf 82' lang='grc' dir='ltr'>ὁ</span> <span class='ocrx_word' id='word_1_59' title='bbox 766 900 890 983; x_wconf 78' lang='grc' dir='ltr'><strong><em>αἵγοθος</em></strong></span> <span class='ocrx_word' id='word_1_60' title='bbox 910 896 931 985; x_wconf 81' lang='grc' dir='ltr'><em>ἡ</em></span> <span class='ocrx_word' id='word_1_61' title='bbox 952 902 1077 984; x_wconf 77' lang='grc' dir='ltr'><strong><em>αἵγνθος</em></strong></span> <span class='ocrx_word' id='word_1_62' title='bbox 1095 905 1197 983; x_wconf 77' lang='lat' dir='ltr'><strong>Antig.</strong></span> <span class='ocrx_word' id='word_1_63' title='bbox 1220 903 1333 968; x_wconf 82' lang='lat' dir='ltr'><strong>Parati.</strong></span> 
     </span>
     <span class='ocr_line' id='line_1_8' title="bbox 225 997 1381 1083; baseline 0.003 -21"><span class='ocrx_word' id='word_1_64' title='bbox 225 1015 250 1063; x_wconf 91' lang='grc' dir='ltr'><strong>σ.</strong></span> <span class='ocrx_word' id='word_1_65' title='bbox 271 997 320 1066; x_wconf 85' lang='grc'><strong>03.</strong></span> <span class='ocrx_word' id='word_1_66' title='bbox 362 1000 577 1066; x_wconf 77' lang='lat' dir='ltr'>Verumtamen</span> <span class='ocrx_word' id='word_1_67' title='bbox 604 1000 636 1063; x_wconf 92' lang='lat' dir='ltr'><strong>in</strong></span> <span class='ocrx_word' id='word_1_68' title='bbox 666 999 775 1064; x_wconf 89' lang='lat' dir='ltr'><strong>bestiis</strong></span> <span class='ocrx_word' id='word_1_69' title='bbox 803 1001 862 1064; x_wconf 84' lang='lat' dir='ltr'><strong>hoo</strong></span> <span class='ocrx_word' id='word_1_70' title='bbox 884 1008 1027 1064; x_wconf 87' lang='lat' dir='ltr'><strong>servatur</strong></span> <span class='ocrx_word' id='word_1_71' title='bbox 1046 1003 1163 1081; x_wconf 89' lang='lat' dir='ltr'><strong>minus;</strong></span> <span class='ocrx_word' id='word_1_72' title='bbox 1195 1019 1334 1083; x_wconf 82' lang='lat' dir='ltr'><strong>namque</strong></span> <span class='ocrx_word' id='word_1_73' title='bbox 1380 1027 1381 1030; x_wconf 41' lang='lat'>¹</span> 
     </span>
     <span class='ocr_line' id='line_1_9' title="bbox 225 1097 1335 1183; baseline 0.005 -22"><span class='ocrx_word' id='word_1_74' title='bbox 225 1115 379 1182; x_wconf 79' lang='lat' dir='ltr'><strong>persaepe</strong></span> <span class='ocrx_word' id='word_1_75' title='bbox 401 1099 509 1164; x_wconf 84' lang='lat' dir='ltr'><strong>Graeci</strong></span> <span class='ocrx_word' id='word_1_76' title='bbox 531 1115 623 1181; x_wconf 89' lang='lat' dir='ltr'><strong>quum</strong></span> <span class='ocrx_word' id='word_1_77' title='bbox 645 1097 788 1162; x_wconf 85' lang='lat' dir='ltr'><strong>distinete</strong></span> <span class='ocrx_word' id='word_1_78' title='bbox 810 1115 911 1162; x_wconf 87' lang='lat' dir='ltr'><strong>mares</strong></span> <span class='ocrx_word' id='word_1_79' title='bbox 933 1100 1105 1179; x_wconf 82' lang='lat' dir='ltr'><strong>significare</strong></span> <span class='ocrx_word' id='word_1_80' title='bbox 1126 1099 1251 1183; x_wconf 87' lang='lat' dir='ltr'><strong>volunt,</strong></span> <span class='ocrx_word' id='word_1_81' title='bbox 1286 1104 1335 1166; x_wconf 84' lang='lat' dir='ltr'><strong>le-</strong></span> 
     </span>
     <span class='ocr_line' id='line_1_10' title="bbox 225 1191 1337 1282; baseline 0.002 -22"><span class='ocrx_word' id='word_1_82' title='bbox 225 1197 340 1262; x_wconf 90' lang='lat' dir='ltr'><strong>miuino</strong></span> <span class='ocrx_word' id='word_1_83' title='bbox 366 1204 491 1264; x_wconf 89' lang='lat' dir='ltr'><strong>utuntm</strong></span> <span class='ocrx_word' id='word_1_84' title='bbox 513 1207 543 1263; x_wconf 86' lang='lat' dir='ltr'><strong>et</strong></span> <span class='ocrx_word' id='word_1_85' title='bbox 564 1206 689 1264; x_wconf 84' lang='lat' dir='ltr'><strong>eontra:</strong></span> <span class='ocrx_word' id='word_1_86' title='bbox 723 1196 756 1260; x_wconf 82' lang='lat' dir='ltr'><strong>oi</strong></span> <span class='ocrx_word' id='word_1_87' title='bbox 783 1194 893 1280; x_wconf 72' lang='grc' dir='ltr'><strong><em>ἔλαφοι</em></strong></span> <span class='ocrx_word' id='word_1_88' title='bbox 918 1191 956 1261; x_wconf 80' lang='grc' dir='ltr'><strong>τά</strong></span> <span class='ocrx_word' id='word_1_89' title='bbox 983 1193 1097 1280; x_wconf 80' lang='grc' dir='ltr'><strong><em>κέρατα</em></strong></span> <span class='ocrx_word' id='word_1_90' title='bbox 1122 1192 1337 1282; x_wconf 74' lang='grc' dir='ltr'><strong><em>άιιοβάλλαυσι</em></strong></span> 
     </span>
     <span class='ocr_line' id='line_1_11' title="bbox 225 1291 1382 1382; baseline 0.006 -25"><span class='ocrx_word' id='word_1_91' title='bbox 225 1295 321 1360; x_wconf 80' lang='lat' dir='ltr'><strong>Arist.</strong></span> <span class='ocrx_word' id='word_1_92' title='bbox 339 1296 375 1362; x_wconf 87' lang='lat' dir='ltr'><strong>H.</strong></span> <span class='ocrx_word' id='word_1_93' title='bbox 396 1299 432 1362; x_wconf 83' lang='grc' dir='ltr'><strong>Α.</strong></span> <span class='ocrx_word' id='word_1_94' title='bbox 453 1298 475 1364; x_wconf 92' lang='grc'><strong>1.</strong></span> <span class='ocrx_word' id='word_1_95' title='bbox 496 1298 525 1363; x_wconf 85' lang='lat'><strong>5.</strong></span> <span class='ocrx_word' id='word_1_96' title='bbox 545 1292 585 1362; x_wconf 82' lang='grc' dir='ltr'><strong>τά</strong></span> <span class='ocrx_word' id='word_1_97' title='bbox 602 1291 716 1378; x_wconf 78' lang='grc' dir='ltr'><strong><em>κέρατα</em></strong></span> <span class='ocrx_word' id='word_1_98' title='bbox 735 1297 790 1380; x_wconf 81' lang='grc' dir='ltr'><strong>τῆς</strong></span> <span class='ocrx_word' id='word_1_99' title='bbox 809 1291 929 1382; x_wconf 72' lang='grc' dir='ltr'><strong><em>ἐλάφου</em></strong></span> <span class='ocrx_word' id='word_1_100' title='bbox 949 1296 1053 1362; x_wconf 80' lang='lat' dir='ltr'><strong>Galen.</strong></span> <span class='ocrx_word' id='word_1_101' title='bbox 1073 1296 1111 1362; x_wconf 82' lang='lat' dir='ltr'><strong>de</strong></span> <span class='ocrx_word' id='word_1_102' title='bbox 1131 1299 1240 1379; x_wconf 86' lang='lat' dir='ltr'><strong>Simpl.</strong></span> <span class='ocrx_word' id='word_1_103' title='bbox 1253 1299 1335 1364; x_wconf 82' lang='lat' dir='ltr'><strong>Meu</strong></span> <span class='ocrx_word' id='word_1_104' title='bbox 1381 1339 1382 1356; x_wconf 50' lang='grc' dir='ltr'><strong><em>ι</em></strong></span> 
     </span>
     <span class='ocr_line' id='line_1_12' title="bbox 225 1391 1336 1478; baseline 0.004 -20"><span class='ocrx_word' id='word_1_105' title='bbox 225 1391 413 1478; x_wconf 82' lang='grc' dir='ltr'><strong>Χ1.7,334.</strong></span> <span class='ocrx_word' id='word_1_106' title='bbox 438 1395 551 1460; x_wconf 74' lang='grc'><strong>11111.</strong></span> <span class='ocrx_word' id='word_1_107' title='bbox 580 1413 709 1477; x_wconf 85' lang='lat' dir='ltr'><strong>quorum</strong></span> <span class='ocrx_word' id='word_1_108' title='bbox 736 1403 845 1461; x_wconf 86' lang='lat' dir='ltr'><strong>neuter</strong></span> <span class='ocrx_word' id='word_1_109' title='bbox 875 1398 998 1477; x_wconf 82' lang='lat' dir='ltr'><strong>ignorat</strong></span> <span class='ocrx_word' id='word_1_110' title='bbox 1026 1413 1185 1462; x_wconf 81' lang='lat' dir='ltr'><strong>cervarum</strong></span> <span class='ocrx_word' id='word_1_111' title='bbox 1214 1413 1336 1462; x_wconf 88' lang='lat' dir='ltr'><strong>oornua</strong></span> 
     </span>
     <span class='ocr_line' id='line_1_13' title="bbox 225 1491 1383 1562; baseline 0.004 -8"><span class='ocrx_word' id='word_1_112' title='bbox 225 1491 311 1556; x_wconf 85' lang='lat' dir='ltr'><strong>nulle</strong></span> <span class='ocrx_word' id='word_1_113' title='bbox 332 1510 403 1558; x_wconf 88' lang='lat' dir='ltr'><strong>esse</strong></span> <span class='ocrx_word' id='word_1_114' title='bbox 424 1495 511 1560; x_wconf 89' lang='lat' dir='ltr'><strong>Poet.</strong></span> <span class='ocrx_word' id='word_1_115' title='bbox 530 1495 620 1561; x_wconf 81' lang='lat' dir='ltr'>XXV.</span> <span class='ocrx_word' id='word_1_116' title='bbox 642 1494 680 1559; x_wconf 88' lang='lat' dir='ltr'><strong>de</strong></span> <span class='ocrx_word' id='word_1_117' title='bbox 701 1496 814 1562; x_wconf 84' lang='lat' dir='ltr'><strong>semin.</strong></span> <span class='ocrx_word' id='word_1_118' title='bbox 827 1496 862 1560; x_wconf 93' lang='lat' dir='ltr'><strong>ll.</strong></span> <span class='ocrx_word' id='word_1_119' title='bbox 877 1495 946 1562; x_wconf 82' lang='lat'><strong>629.</strong></span> <span class='ocrx_word' id='word_1_120' title='bbox 970 1496 1002 1560; x_wconf 88' lang='lat' dir='ltr'><strong>T.</strong></span> <span class='ocrx_word' id='word_1_121' title='bbox 1015 1495 1101 1560; x_wconf 85' lang='lat' dir='ltr'><strong>lV.1²</strong></span> <span class='ocrx_word' id='word_1_122' title='bbox 1382 1531 1383 1540; x_wconf 28' lang='grc' dir='ltr'><strong><em>τ</em></strong></span> 
     </span>
    </p>
   </div>
   <div class='ocr_carea' id='block_1_3' title="bbox 228 1608 1384 1792">
    <p class='ocr_par' dir='ltr' id='par_1_3' title="bbox 228 1608 1384 1792">
     <span class='ocr_line' id='line_1_14' title="bbox 310 1608 1337 1696; baseline 0.003 -22"><span class='ocrx_word' id='word_1_123' title='bbox 310 1615 339 1682; x_wconf 73' lang='lat' dir='ltr'><strong>s.</strong></span> <span class='ocrx_word' id='word_1_124' title='bbox 361 1608 390 1674; x_wconf 90' lang='grc'><strong>3.</strong></span> <span class='ocrx_word' id='word_1_125' title='bbox 431 1610 516 1675; x_wconf 86' lang='lat' dir='ltr'><strong>Haeo</strong></span> <span class='ocrx_word' id='word_1_126' title='bbox 537 1617 638 1676; x_wconf 87' lang='lat' dir='ltr'><strong>autem</strong></span> <span class='ocrx_word' id='word_1_127' title='bbox 660 1611 823 1694; x_wconf 77' lang='lat' dir='ltr'><strong>syllepsis,</strong></span> <span class='ocrx_word' id='word_1_128' title='bbox 859 1613 991 1692; x_wconf 85' lang='lat' dir='ltr'><strong>quaein</strong></span> <span class='ocrx_word' id='word_1_129' title='bbox 1019 1612 1178 1691; x_wconf 87' lang='lat' dir='ltr'><strong>epicoenis</strong></span> <span class='ocrx_word' id='word_1_130' title='bbox 1207 1629 1337 1696; x_wconf 83' lang='lat' dir='ltr'><strong>quoque</strong></span> 
     </span>
     <span class='ocr_line' id='line_1_15' title="bbox 228 1688 1384 1792; baseline 0.001 -23"><span class='ocrx_word' id='word_1_131' title='bbox 228 1713 373 1791; x_wconf 88' lang='lat' dir='ltr'><strong>apparet,</strong></span> <span class='ocrx_word' id='word_1_132' title='bbox 402 1707 440 1774; x_wconf 85' lang='lat' dir='ltr'><strong>od</strong></span> <span class='ocrx_word' id='word_1_133' title='bbox 467 1715 595 1775; x_wconf 88' lang='lat' dir='ltr'><strong>naturas</strong></span> <span class='ocrx_word' id='word_1_134' title='bbox 618 1710 748 1774; x_wconf 85' lang='lat' dir='ltr'><strong>rationis</strong></span> <span class='ocrx_word' id='word_1_135' title='bbox 777 1715 808 1772; x_wconf 87' lang='lat' dir='ltr'><strong>et</strong></span> <span class='ocrx_word' id='word_1_136' title='bbox 828 1709 1049 1789; x_wconf 76' lang='lat' dir='ltr'><strong>intelligentiae</strong></span> <span class='ocrx_word' id='word_1_137' title='bbox 1071 1711 1242 1792; x_wconf 86' lang='lat' dir='ltr'><strong>pmtioipes</strong></span> <span class='ocrx_word' id='word_1_138' title='bbox 1271 1729 1338 1777; x_wconf 90' lang='lat' dir='ltr'><strong>non</strong></span> <span class='ocrx_word' id='word_1_139' title='bbox 1383 1688 1384 1770; x_wconf 80' lang='grc'><strong>1</strong></span> 
     </span>
    </p>
   </div>
   <div class='ocr_carea' id='block_1_4' title="bbox 224 1863 518 1880">
    <p class='ocr_par' dir='ltr' id='par_1_4' title="bbox 224 1863 518 1880">
     <span class='ocr_line' id='line_1_16' title="bbox 224 1863 518 1880; baseline 0 -2"><span class='ocrx_word' id='word_1_140' title='bbox 224 1863 518 1880; x_wconf 56' lang='lat' dir='ltr'><strong>m</strong></span> 
     </span>
    </p>
   </div>
   <div class='ocr_carea' id='block_1_5' title="bbox 227 1950 1387 3472">
    <p class='ocr_par' dir='ltr' id='par_1_5' title="bbox 227 1950 1386 2441">
     <span class='ocr_line' id='line_1_17' title="bbox 295 1950 1385 2032; baseline 0.001 -17"><span class='ocrx_word' id='word_1_141' title='bbox 295 1957 340 2029; x_wconf 83' lang='lat'><strong>10)</strong></span> <span class='ocrx_word' id='word_1_142' title='bbox 375 1959 440 2015; x_wconf 85' lang='lat' dir='ltr'><strong>Sunt</strong></span> <span class='ocrx_word' id='word_1_143' title='bbox 463 1963 542 2018; x_wconf 86' lang='lat' dir='ltr'><strong>otiam</strong></span> <span class='ocrx_word' id='word_1_144' title='bbox 567 1959 671 2013; x_wconf 92' lang='lat' dir='ltr'><strong>nomina</strong></span> <span class='ocrx_word' id='word_1_145' title='bbox 694 1960 775 2026; x_wconf 83' lang='lat' dir='ltr'><strong>ignoti</strong></span> <span class='ocrx_word' id='word_1_146' title='bbox 801 1960 922 2026; x_wconf 82' lang='lat' dir='ltr'><strong>generis,</strong></span> <span class='ocrx_word' id='word_1_147' title='bbox 957 1972 1025 2028; x_wconf 90' lang='lat' dir='ltr'><strong>quae</strong></span> <span class='ocrx_word' id='word_1_148' title='bbox 1049 1972 1099 2013; x_wconf 89' lang='lat' dir='ltr'><strong>neo</strong></span> <span class='ocrx_word' id='word_1_149' title='bbox 1123 1959 1338 2018; x_wconf 84' lang='lat' dir='ltr'><strong>terminationem</strong></span> <span class='ocrx_word' id='word_1_150' title='bbox 1384 1950 1385 2032; x_wconf 71' lang='grc'><strong>1</strong></span> 
     </span>
     <span class='ocr_line' id='line_1_18' title="bbox 228 2041 1339 2113; baseline 0.005 -18"><span class='ocrx_word' id='word_1_151' title='bbox 228 2041 433 2099; x_wconf 86' lang='lat' dir='ltr'><strong>oharaotistioam</strong></span> <span class='ocrx_word' id='word_1_152' title='bbox 450 2058 537 2113; x_wconf 88' lang='lat' dir='ltr'><strong>neque</strong></span> <span class='ocrx_word' id='word_1_153' title='bbox 555 2043 689 2097; x_wconf 85' lang='lat' dir='ltr'><strong>articulum</strong></span> <span class='ocrx_word' id='word_1_154' title='bbox 706 2043 883 2111; x_wconf 88' lang='lat' dir='ltr'><strong>praepositum</strong></span> <span class='ocrx_word' id='word_1_155' title='bbox 897 2041 995 2097; x_wconf 85' lang='lat' dir='ltr'><strong>habent</strong></span> <span class='ocrx_word' id='word_1_156' title='bbox 1009 2042 1202 2110; x_wconf 86' lang='lat' dir='ltr'><strong>utpleraquea</strong></span> <span class='ocrx_word' id='word_1_157' title='bbox 1219 2044 1339 2101; x_wconf 88' lang='lat' dir='ltr'><strong>Glosse-</strong></span> 
     </span>
     <span class='ocr_line' id='line_1_19' title="bbox 227 2123 1339 2199; baseline 0 -19"><span class='ocrx_word' id='word_1_158' title='bbox 227 2125 332 2194; x_wconf 79' lang='lat' dir='ltr'><strong>graphis</strong></span> <span class='ocrx_word' id='word_1_159' title='bbox 350 2128 444 2182; x_wconf 79' lang='lat' dir='ltr'><strong>tradita</strong></span> <span class='ocrx_word' id='word_1_160' title='bbox 460 2131 593 2196; x_wconf 77' lang='grc' dir='ltr'><strong><em>βίττακος,</em></strong></span> <span class='ocrx_word' id='word_1_161' title='bbox 611 2123 737 2194; x_wconf 74' lang='grc' dir='ltr'><strong><em>βηθύλος,</em></strong></span> <span class='ocrx_word' id='word_1_162' title='bbox 755 2123 868 2198; x_wconf 81' lang='grc' dir='ltr'><strong><em>γράπις,</em></strong></span> <span class='ocrx_word' id='word_1_163' title='bbox 886 2125 1054 2195; x_wconf 79' lang='grc' dir='ltr'><strong><em>γραύκαλος,</em></strong></span> <span class='ocrx_word' id='word_1_164' title='bbox 1074 2123 1221 2186; x_wconf 79' lang='grc' dir='ltr'><strong><em>δάνδαλος,</em></strong></span> <span class='ocrx_word' id='word_1_165' title='bbox 1241 2127 1339 2199; x_wconf 79' lang='grc' dir='ltr'><strong><em>δρύοψ</em></strong></span> 
     </span>
     <span class='ocr_line' id='line_1_20' title="bbox 228 2205 1386 2293; baseline 0.004 -31"><span class='ocrx_word' id='word_1_166' title='bbox 228 2211 285 2275; x_wconf 75' lang='lat' dir='ltr'><strong>loni</strong></span> <span class='ocrx_word' id='word_1_167' title='bbox 300 2209 492 2282; x_wconf 79' lang='lat' dir='ltr'><strong>lexicographi</strong></span> <span class='ocrx_word' id='word_1_168' title='bbox 510 2219 578 2264; x_wconf 85' lang='grc' dir='ltr'><strong><em>κιοιο</em></strong></span> <span class='ocrx_word' id='word_1_169' title='bbox 593 2209 699 2278; x_wconf 79' lang='lat' dir='ltr'><strong>proprio</strong></span> <span class='ocrx_word' id='word_1_170' title='bbox 717 2209 852 2264; x_wconf 87' lang='lat' dir='ltr'><strong>articulum</strong></span> <span class='ocrx_word' id='word_1_171' title='bbox 870 2223 950 2262; x_wconf 85' lang='lat' dir='ltr'><strong>maso.</strong></span> <span class='ocrx_word' id='word_1_172' title='bbox 969 2205 1137 2293; x_wconf 58' lang='lat' dir='ltr'><strong>prant),</strong></span> <span class='ocrx_word' id='word_1_173' title='bbox 1156 2213 1225 2278; x_wconf 76' lang='grc' dir='ltr'><strong><em>ϊμυξ,</em></strong></span> <span class='ocrx_word' id='word_1_174' title='bbox 1245 2212 1337 2266; x_wconf 78' lang='grc' dir='ltr'><strong><em>κόντι-</em></strong></span> <span class='ocrx_word' id='word_1_175' title='bbox 1385 2212 1386 2252; x_wconf 83' lang='lat' dir='ltr'><strong>t</strong></span> 
     </span>
     <span class='ocr_line' id='line_1_21' title="bbox 227 2297 1339 2374; baseline 0.008 -21"><span class='ocrx_word' id='word_1_176' title='bbox 227 2299 281 2360; x_wconf 93' lang='grc' dir='ltr'><strong><em>λος,</em></strong></span> <span class='ocrx_word' id='word_1_177' title='bbox 299 2300 464 2374; x_wconf 72' lang='grc' dir='ltr'><strong><em>σμήρινθος,</em></strong></span> <span class='ocrx_word' id='word_1_178' title='bbox 481 2301 654 2372; x_wconf 80' lang='grc' dir='ltr'><strong><em>σπέργουλος,</em></strong></span> <span class='ocrx_word' id='word_1_179' title='bbox 675 2297 803 2372; x_wconf 84' lang='grc' dir='ltr'><strong><em>τιτράων,</em></strong></span> <span class='ocrx_word' id='word_1_180' title='bbox 821 2299 892 2368; x_wconf 85' lang='lat' dir='ltr'><strong>quod</strong></span> <span class='ocrx_word' id='word_1_181' title='bbox 911 2301 934 2354; x_wconf 87' lang='lat' dir='ltr'><strong>si</strong></span> <span class='ocrx_word' id='word_1_182' title='bbox 950 2313 999 2368; x_wconf 84' lang='lat' dir='ltr'><strong>per</strong></span> <span class='ocrx_word' id='word_1_183' title='bbox 1015 2318 1085 2358; x_wconf 81' lang='grc' dir='ltr'><strong><em>ωνος</em></strong></span> <span class='ocrx_word' id='word_1_184' title='bbox 1101 2300 1259 2373; x_wconf 77' lang='lat' dir='ltr'><strong>declinatur,</strong></span> <span class='ocrx_word' id='word_1_185' title='bbox 1279 2307 1339 2362; x_wconf 77' lang='lat' dir='ltr'><strong>sine</strong></span> 
     </span>
     <span class='ocr_line' id='line_1_22' title="bbox 230 2383 562 2441; baseline 0.003 -3"><span class='ocrx_word' id='word_1_186' title='bbox 230 2383 308 2439; x_wconf 86' lang='lat' dir='ltr'><strong>dubio</strong></span> <span class='ocrx_word' id='word_1_187' title='bbox 326 2388 496 2441; x_wconf 87' lang='lat' dir='ltr'><strong>masculinum</strong></span> <span class='ocrx_word' id='word_1_188' title='bbox 514 2391 562 2441; x_wconf 87' lang='lat' dir='ltr'><strong>est.</strong></span> 
     </span>
    </p>

    <p class='ocr_par' dir='ltr' id='par_1_6' title="bbox 229 2469 1387 3472">
     <span class='ocr_line' id='line_1_23' title="bbox 297 2469 1387 2557; baseline 0.001 -17"><span class='ocrx_word' id='word_1_189' title='bbox 297 2469 447 2554; x_wconf 55' lang='grc'><strong>11186001.</strong></span> <span class='ocrx_word' id='word_1_190' title='bbox 465 2484 651 2553; x_wconf 74' lang='grc' dir='ltr'><strong>111011.ρ.840.</strong></span> <span class='ocrx_word' id='word_1_191' title='bbox 672 2482 720 2548; x_wconf 74' lang='grc' dir='ltr'><strong>τὴν</strong></span> <span class='ocrx_word' id='word_1_192' title='bbox 737 2481 875 2552; x_wconf 71' lang='grc' dir='ltr'><strong><em>διάκρισιν</em></strong></span> <span class='ocrx_word' id='word_1_193' title='bbox 893 2483 947 2535; x_wconf 79' lang='grc' dir='ltr'><strong>τῶν</strong></span> <span class='ocrx_word' id='word_1_194' title='bbox 962 2483 1052 2554; x_wconf 81' lang='grc' dir='ltr'><em>γενῶν</em></span> <span class='ocrx_word' id='word_1_195' title='bbox 1070 2481 1083 2548; x_wconf 77' lang='grc' dir='ltr'><strong><em>ἡ</em></strong></span> <span class='ocrx_word' id='word_1_196' title='bbox 1101 2486 1287 2557; x_wconf 76' lang='grc' dir='ltr'><strong><em>γραμματικὴ</em></strong></span> <span class='ocrx_word' id='word_1_197' title='bbox 1308 2489 1339 2540; x_wconf 83' lang='grc' dir='ltr'><strong><em>σι’·</em></strong></span> <span class='ocrx_word' id='word_1_198' title='bbox 1386 2473 1387 2500; x_wconf 53' lang='grc'>’</span> 
     </span>
     <span class='ocr_line' id='line_1_24' title="bbox 230 2565 1340 2637; baseline 0.004 -17"><span class='ocrx_word' id='word_1_199' title='bbox 230 2566 300 2620; x_wconf 84' lang='grc' dir='ltr'><strong><em>κατὰ</em></strong></span> <span class='ocrx_word' id='word_1_200' title='bbox 322 2567 371 2633; x_wconf 75' lang='grc' dir='ltr'><strong>τὴν</strong></span> <span class='ocrx_word' id='word_1_201' title='bbox 393 2567 527 2633; x_wconf 72' lang='grc' dir='ltr'><strong><em>ἀλήθειαν</em></strong></span> <span class='ocrx_word' id='word_1_202' title='bbox 542 2575 617 2622; x_wconf 74' lang='grc' dir='ltr'><strong><em>ποιεῖ</em></strong></span> <span class='ocrx_word' id='word_1_203' title='bbox 632 2568 700 2622; x_wconf 77' lang='grc' dir='ltr'><strong><em>ἀλλὰ</em></strong></span> <span class='ocrx_word' id='word_1_204' title='bbox 716 2567 786 2620; x_wconf 84' lang='grc' dir='ltr'><strong><em>κατά</em></strong></span> <span class='ocrx_word' id='word_1_205' title='bbox 804 2565 852 2630; x_wconf 77' lang='grc' dir='ltr'><strong>τὴν</strong></span> <span class='ocrx_word' id='word_1_206' title='bbox 870 2565 997 2627; x_wconf 77' lang='grc' dir='ltr'><strong><em>σύνταξιν</em></strong></span> <span class='ocrx_word' id='word_1_207' title='bbox 1016 2567 1071 2620; x_wconf 80' lang='grc' dir='ltr'><strong>τῶν</strong></span> <span class='ocrx_word' id='word_1_208' title='bbox 1087 2569 1203 2637; x_wconf 83' lang='grc' dir='ltr'><strong><em>ιῖρθρων</em></strong></span> <span class='ocrx_word' id='word_1_209' title='bbox 1220 2571 1270 2622; x_wconf 79' lang='grc' dir='ltr'><strong><em>καὶ</em></strong></span> <span class='ocrx_word' id='word_1_210' title='bbox 1292 2571 1340 2635; x_wconf 75' lang='grc' dir='ltr'><strong>τὴν</strong></span> 
     </span>
     <span class='ocr_line' id='line_1_25' title="bbox 229 2649 1340 2722; baseline 0.003 -19"><span class='ocrx_word' id='word_1_211' title='bbox 229 2651 379 2719; x_wconf 82' lang='grc' dir='ltr'><strong><em>ειλφωνίαν,</em></strong></span> <span class='ocrx_word' id='word_1_212' title='bbox 399 2658 425 2707; x_wconf 82' lang='lat' dir='ltr'><strong>et</strong></span> <span class='ocrx_word' id='word_1_213' title='bbox 442 2667 467 2720; x_wconf 91' lang='lat' dir='ltr'><strong>p.</strong></span> <span class='ocrx_word' id='word_1_214' title='bbox 486 2651 544 2710; x_wconf 84' lang='lat'>902.</span> <span class='ocrx_word' id='word_1_215' title='bbox 568 2653 601 2704; x_wconf 78' lang='grc' dir='ltr'><strong>τά</strong></span> <span class='ocrx_word' id='word_1_216' title='bbox 624 2655 688 2722; x_wconf 76' lang='grc' dir='ltr'><strong>γένη</strong></span> <span class='ocrx_word' id='word_1_217' title='bbox 712 2651 741 2712; x_wconf 71' lang='grc' dir='ltr'><strong>ἐξ</strong></span> <span class='ocrx_word' id='word_1_218' title='bbox 758 2650 897 2719; x_wconf 76' lang='grc' dir='ltr'><strong><em>ἀκριβείας</em></strong></span> <span class='ocrx_word' id='word_1_219' title='bbox 920 2651 951 2702; x_wconf 79' lang='grc' dir='ltr'><strong><em>σι’·</em></strong></span> <span class='ocrx_word' id='word_1_220' title='bbox 968 2649 1139 2718; x_wconf 75' lang='grc' dir='ltr'><strong>λαμβάνεται</strong></span> <span class='ocrx_word' id='word_1_221' title='bbox 1161 2651 1218 2704; x_wconf 81' lang='grc' dir='ltr'><strong><em>ἀλλ’</em></strong></span> <span class='ocrx_word' id='word_1_222' title='bbox 1238 2651 1270 2706; x_wconf 76' lang='grc' dir='ltr'><strong>ἐκ</strong></span> <span class='ocrx_word' id='word_1_223' title='bbox 1295 2657 1340 2719; x_wconf 80' lang='grc' dir='ltr'><strong>τῆς</strong></span> 
     </span>
     <span class='ocr_line' id='line_1_26' title="bbox 229 2732 1339 2805; baseline 0.007 -20"><span class='ocrx_word' id='word_1_224' title='bbox 229 2732 381 2794; x_wconf 84' lang='grc' dir='ltr'><strong><em>συντάξεως</em></strong></span> <span class='ocrx_word' id='word_1_225' title='bbox 404 2736 451 2788; x_wconf 85' lang='grc' dir='ltr'><strong><em>καὶ</em></strong></span> <span class='ocrx_word' id='word_1_226' title='bbox 475 2736 521 2800; x_wconf 76' lang='grc' dir='ltr'><strong>τῆς</strong></span> <span class='ocrx_word' id='word_1_227' title='bbox 538 2736 676 2804; x_wconf 77' lang='grc' dir='ltr'><strong><em>εὐφωνίας</em></strong></span> <span class='ocrx_word' id='word_1_228' title='bbox 696 2736 751 2787; x_wconf 88' lang='grc' dir='ltr'><strong>τῶν</strong></span> <span class='ocrx_word' id='word_1_229' title='bbox 768 2733 938 2804; x_wconf 77' lang='grc' dir='ltr'><strong><em>ἀνθρώπων,</em></strong></span> <span class='ocrx_word' id='word_1_230' title='bbox 963 2734 1007 2788; x_wconf 88' lang='lat' dir='ltr'><strong>ubi</strong></span> <span class='ocrx_word' id='word_1_231' title='bbox 1030 2734 1144 2805; x_wconf 81' lang='grc' dir='ltr'><strong><em>ἄρθρων</em></strong></span> <span class='ocrx_word' id='word_1_232' title='bbox 1166 2737 1339 2793; x_wconf 83' lang='lat' dir='ltr'><strong>scribendum</strong></span> 
     </span>
     <span class='ocr_line' id='line_1_27' title="bbox 230 2817 1338 2888; baseline -0.001 -13"><span class='ocrx_word' id='word_1_233' title='bbox 230 2823 258 2876; x_wconf 83' lang='lat' dir='ltr'><strong>et</strong></span> <span class='ocrx_word' id='word_1_234' title='bbox 274 2824 385 2887; x_wconf 88' lang='lat' dir='ltr'><strong>utroque</strong></span> <span class='ocrx_word' id='word_1_235' title='bbox 402 2818 462 2874; x_wconf 89' lang='lat' dir='ltr'><strong>loco</strong></span> <span class='ocrx_word' id='word_1_236' title='bbox 479 2822 656 2888; x_wconf 82' lang='grc' dir='ltr'><strong><em>συμφωνίας,</em></strong></span> <span class='ocrx_word' id='word_1_237' title='bbox 681 2819 752 2886; x_wconf 83' lang='lat' dir='ltr'><strong>quod</strong></span> <span class='ocrx_word' id='word_1_238' title='bbox 770 2833 865 2873; x_wconf 90' lang='lat' dir='ltr'><strong>nomen</strong></span> <span class='ocrx_word' id='word_1_239' title='bbox 881 2818 953 2872; x_wconf 87' lang='lat' dir='ltr'><strong>Plato</strong></span> <span class='ocrx_word' id='word_1_240' title='bbox 973 2817 1029 2872; x_wconf 84' lang='lat' dir='ltr'><strong>Ciu.</strong></span> <span class='ocrx_word' id='word_1_241' title='bbox 1049 2817 1091 2872; x_wconf 89' lang='lat' dir='ltr'><strong>lll.</strong></span> <span class='ocrx_word' id='word_1_242' title='bbox 1109 2819 1168 2876; x_wconf 81' lang='grc'><strong>591.</strong></span> <span class='ocrx_word' id='word_1_243' title='bbox 1196 2836 1257 2875; x_wconf 89' lang='lat' dir='ltr'><strong>oum</strong></span> <span class='ocrx_word' id='word_1_244' title='bbox 1276 2822 1338 2875; x_wconf 71' lang='grc' dir='ltr'><strong><em>σύν-</em></strong></span> 
     </span>
     <span class='ocr_line' id='line_1_28' title="bbox 231 2901 1339 2973; baseline -0.002 -11"><span class='ocrx_word' id='word_1_245' title='bbox 231 2903 305 2962; x_wconf 78' lang='grc' dir='ltr'><strong><em>ταξις</em></strong></span> <span class='ocrx_word' id='word_1_246' title='bbox 322 2905 462 2971; x_wconf 75' lang='lat' dir='ltr'><strong>conjunxit.</strong></span> <span class='ocrx_word' id='word_1_247' title='bbox 489 2904 517 2958; x_wconf 88' lang='lat' dir='ltr'><strong>si</strong></span> <span class='ocrx_word' id='word_1_248' title='bbox 535 2905 695 2970; x_wconf 81' lang='lat' dir='ltr'><strong>grammatici</strong></span> <span class='ocrx_word' id='word_1_249' title='bbox 712 2903 750 2955; x_wconf 93' lang='lat' dir='ltr'><strong>illi</strong></span> <span class='ocrx_word' id='word_1_250' title='bbox 769 2906 925 2971; x_wconf 85' lang='lat' dir='ltr'><strong>quaererent</strong></span> <span class='ocrx_word' id='word_1_251' title='bbox 941 2916 1001 2954; x_wconf 91' lang='lat' dir='ltr'><strong>num</strong></span> <span class='ocrx_word' id='word_1_252' title='bbox 1020 2902 1094 2970; x_wconf 88' lang='lat' dir='ltr'><strong>primi</strong></span> <span class='ocrx_word' id='word_1_253' title='bbox 1111 2901 1233 2959; x_wconf 88' lang='lat' dir='ltr'><strong>homines</strong></span> <span class='ocrx_word' id='word_1_254' title='bbox 1252 2921 1339 2973; x_wconf 84' lang='lat' dir='ltr'><strong>genus</strong></span> 
     </span>
     <span class='ocr_line' id='line_1_29' title="bbox 231 2986 1337 3056; baseline 0.004 -16"><span class='ocrx_word' id='word_1_255' title='bbox 231 2989 358 3056; x_wconf 87' lang='lat' dir='ltr'><strong>cujusque</strong></span> <span class='ocrx_word' id='word_1_256' title='bbox 374 2989 485 3042; x_wconf 89' lang='lat' dir='ltr'><strong>nominis</strong></span> <span class='ocrx_word' id='word_1_257' title='bbox 502 2987 646 3042; x_wconf 85' lang='lat' dir='ltr'><strong>seeundum</strong></span> <span class='ocrx_word' id='word_1_258' title='bbox 668 2991 775 3041; x_wconf 85' lang='lat' dir='ltr'><strong>naturrae</strong></span> <span class='ocrx_word' id='word_1_259' title='bbox 801 2986 936 3041; x_wconf 86' lang='lat' dir='ltr'><strong>ueritatem</strong></span> <span class='ocrx_word' id='word_1_260' title='bbox 960 2986 1141 3039; x_wconf 86' lang='lat' dir='ltr'><strong>constituerint</strong></span> <span class='ocrx_word' id='word_1_261' title='bbox 1156 3000 1206 3054; x_wconf 86' lang='lat' dir='ltr'><strong>an,</strong></span> <span class='ocrx_word' id='word_1_262' title='bbox 1237 2994 1267 3041; x_wconf 91' lang='lat' dir='ltr'><strong>ut</strong></span> <span class='ocrx_word' id='word_1_263' title='bbox 1286 3005 1337 3044; x_wconf 92' lang='lat' dir='ltr'><strong>no-</strong></span> 
     </span>
     <span class='ocr_line' id='line_1_30' title="bbox 231 3067 1338 3142; baseline 0.005 -21"><span class='ocrx_word' id='word_1_264' title='bbox 231 3071 300 3122; x_wconf 90' lang='lat' dir='ltr'><strong>mina</strong></span> <span class='ocrx_word' id='word_1_265' title='bbox 316 3070 382 3138; x_wconf 90' lang='lat' dir='ltr'><strong>ipsa,</strong></span> <span class='ocrx_word' id='word_1_266' title='bbox 401 3071 440 3124; x_wconf 88' lang='lat' dir='ltr'><strong>sio</strong></span> <span class='ocrx_word' id='word_1_267' title='bbox 457 3085 555 3138; x_wconf 81' lang='lat' dir='ltr'><strong>genera</strong></span> <span class='ocrx_word' id='word_1_268' title='bbox 571 3083 676 3140; x_wconf 82' lang='lat' dir='ltr'><strong>quoque</strong></span> <span class='ocrx_word' id='word_1_269' title='bbox 694 3070 851 3136; x_wconf 88' lang='lat' dir='ltr'><strong>impositicia</strong></span> <span class='ocrx_word' id='word_1_270' title='bbox 868 3070 927 3136; x_wconf 89' lang='lat' dir='ltr'><strong>sint,</strong></span> <span class='ocrx_word' id='word_1_271' title='bbox 946 3074 998 3122; x_wconf 92' lang='lat' dir='ltr'><strong>tum</strong></span> <span class='ocrx_word' id='word_1_272' title='bbox 1016 3075 1088 3122; x_wconf 84' lang='lat' dir='ltr'><strong>recte</strong></span> <span class='ocrx_word' id='word_1_273' title='bbox 1103 3067 1135 3136; x_wconf 74' lang='grc' dir='ltr'><strong>τῇ</strong></span> <span class='ocrx_word' id='word_1_274' title='bbox 1148 3067 1269 3137; x_wconf 76' lang='grc' dir='ltr'><strong><em>ἀληθείᾳ</em></strong></span> <span class='ocrx_word' id='word_1_275' title='bbox 1286 3089 1338 3142; x_wconf 95' lang='lat' dir='ltr'><strong>op-</strong></span> 
     </span>
     <span class='ocr_line' id='line_1_31' title="bbox 230 3149 1337 3223; baseline 0.005 -18"><span class='ocrx_word' id='word_1_276' title='bbox 230 3158 371 3220; x_wconf 79' lang='lat' dir='ltr'><strong>poneretur</strong></span> <span class='ocrx_word' id='word_1_277' title='bbox 385 3150 399 3216; x_wconf 78' lang='grc' dir='ltr'><strong><em>ἡ</em></strong></span> <span class='ocrx_word' id='word_1_278' title='bbox 419 3153 543 3214; x_wconf 72' lang='grc' dir='ltr'><strong><em>σύνταξις</em></strong></span> <span class='ocrx_word' id='word_1_279' title='bbox 560 3154 606 3206; x_wconf 85' lang='grc' dir='ltr'><strong><em>καὶ</em></strong></span> <span class='ocrx_word' id='word_1_280' title='bbox 621 3155 769 3220; x_wconf 78' lang='grc' dir='ltr'><strong><em>συμφωνία</em></strong></span> <span class='ocrx_word' id='word_1_281' title='bbox 784 3152 839 3202; x_wconf 82' lang='grc' dir='ltr'><strong>τῶν</strong></span> <span class='ocrx_word' id='word_1_282' title='bbox 856 3149 1019 3223; x_wconf 79' lang='grc' dir='ltr'><strong><em>ἀνθρώπων,</em></strong></span> <span class='ocrx_word' id='word_1_283' title='bbox 1039 3165 1116 3220; x_wconf 84' lang='lat' dir='ltr'><strong>quarn</strong></span> <span class='ocrx_word' id='word_1_284' title='bbox 1133 3150 1254 3220; x_wconf 77' lang='lat' dir='ltr'><strong>Cralylus</strong></span> <span class='ocrx_word' id='word_1_285' title='bbox 1273 3156 1337 3210; x_wconf 81' lang='lat' dir='ltr'><strong>Pla-</strong></span> 
     </span>
     <span class='ocr_line' id='line_1_32' title="bbox 230 3234 1337 3304; baseline 0.005 -14"><span class='ocrx_word' id='word_1_286' title='bbox 230 3239 332 3290; x_wconf 90' lang='lat' dir='ltr'><strong>tonious</strong></span> <span class='ocrx_word' id='word_1_287' title='bbox 359 3236 499 3302; x_wconf 73' lang='grc' dir='ltr'><strong><em>συνθήκην</em></strong></span> <span class='ocrx_word' id='word_1_288' title='bbox 523 3243 550 3294; x_wconf 85' lang='grc' dir='ltr'><strong>οι</strong></span> <span class='ocrx_word' id='word_1_289' title='bbox 575 3234 725 3304; x_wconf 77' lang='grc' dir='ltr'><strong><em>ὁμολογίαν</em></strong></span> <span class='ocrx_word' id='word_1_290' title='bbox 751 3241 835 3289; x_wconf 83' lang='lat' dir='ltr'><strong>uocat.</strong></span> <span class='ocrx_word' id='word_1_291' title='bbox 882 3235 936 3291; x_wconf 88' lang='lat' dir='ltr'><strong>Sed</strong></span> <span class='ocrx_word' id='word_1_292' title='bbox 961 3237 1012 3290; x_wconf 90' lang='lat' dir='ltr'><strong>illis</strong></span> <span class='ocrx_word' id='word_1_293' title='bbox 1036 3251 1121 3291; x_wconf 89' lang='lat' dir='ltr'><strong>sermo</strong></span> <span class='ocrx_word' id='word_1_294' title='bbox 1147 3243 1188 3291; x_wconf 90' lang='lat' dir='ltr'><strong>est</strong></span> <span class='ocrx_word' id='word_1_295' title='bbox 1216 3238 1250 3294; x_wconf 90' lang='lat' dir='ltr'><strong>de</strong></span> <span class='ocrx_word' id='word_1_296' title='bbox 1276 3247 1337 3295; x_wconf 86' lang='lat' dir='ltr'><strong>nota</strong></span> 
     </span>
     <span class='ocr_line' id='line_1_33' title="bbox 231 3318 1336 3390; baseline 0.001 -15"><span class='ocrx_word' id='word_1_297' title='bbox 231 3323 336 3386; x_wconf 80' lang='lat' dir='ltr'><strong>generis</strong></span> <span class='ocrx_word' id='word_1_298' title='bbox 353 3325 381 3373; x_wconf 81' lang='lat' dir='ltr'><strong>ut</strong></span> <span class='ocrx_word' id='word_1_299' title='bbox 399 3319 470 3374; x_wconf 82' lang='lat' dir='ltr'><strong>Varr.</strong></span> <span class='ocrx_word' id='word_1_300' title='bbox 491 3321 520 3374; x_wconf 85' lang='lat' dir='ltr'><strong>L.</strong></span> <span class='ocrx_word' id='word_1_301' title='bbox 538 3320 566 3374; x_wconf 89' lang='lat' dir='ltr'><strong>L.</strong></span> <span class='ocrx_word' id='word_1_302' title='bbox 585 3318 628 3374; x_wconf 86' lang='lat' dir='ltr'><strong>lx.</strong></span> <span class='ocrx_word' id='word_1_303' title='bbox 645 3319 687 3385; x_wconf 85' lang='lat'><strong>29,</strong></span> <span class='ocrx_word' id='word_1_304' title='bbox 709 3319 766 3376; x_wconf 84' lang='grc'><strong>136.</strong></span> <span class='ocrx_word' id='word_1_305' title='bbox 784 3320 869 3370; x_wconf 70' lang='lat' dir='ltr'><strong>virilia</strong></span> <span class='ocrx_word' id='word_1_306' title='bbox 884 3319 991 3372; x_wconf 73' lang='lat' dir='ltr'><strong>dicimus</strong></span> <span class='ocrx_word' id='word_1_307' title='bbox 1007 3336 1057 3371; x_wconf 85' lang='lat' dir='ltr'><strong>oon</strong></span> <span class='ocrx_word' id='word_1_308' title='bbox 1074 3334 1138 3388; x_wconf 79' lang='grc' dir='ltr'><strong><em>φιαο</em></strong></span> <span class='ocrx_word' id='word_1_309' title='bbox 1153 3321 1237 3384; x_wconf 77' lang='lat' dir='ltr'><strong>uirum</strong></span> <span class='ocrx_word' id='word_1_310' title='bbox 1254 3325 1336 3390; x_wconf 75' lang='lat' dir='ltr'><strong>sipiri-</strong></span> 
     </span>
     <span class='ocr_line' id='line_1_34' title="bbox 229 3402 807 3472; baseline 0.003 -18"><span class='ocrx_word' id='word_1_311' title='bbox 229 3402 308 3466; x_wconf 66' lang='lat' dir='ltr'><strong>iteam</strong></span> <span class='ocrx_word' id='word_1_312' title='bbox 326 3404 370 3456; x_wconf 75' lang='lat' dir='ltr'><strong>esd</strong></span> <span class='ocrx_word' id='word_1_313' title='bbox 387 3403 475 3472; x_wconf 73' lang='lat' dir='ltr'><strong>quitos</strong></span> <span class='ocrx_word' id='word_1_314' title='bbox 492 3404 671 3472; x_wconf 71' lang='lat' dir='ltr'><strong>praeponimus</strong></span> <span class='ocrx_word' id='word_1_315' title='bbox 686 3402 739 3454; x_wconf 78' lang='lat' dir='ltr'><strong>tte</strong></span> <span class='ocrx_word' id='word_1_316' title='bbox 757 3408 807 3460; x_wconf 84' lang='lat' dir='ltr'><strong>etc.</strong></span> 
     </span>
    </p>
   </div>
   <div class='ocr_carea' id='block_1_6' title="bbox 227 3499 1336 4156">
    <p class='ocr_par' dir='ltr' id='par_1_7' title="bbox 227 3499 1336 4156">
     <span class='ocr_line' id='line_1_35' title="bbox 298 3499 1334 3572; baseline -0.01 -12"><span class='ocrx_word' id='word_1_317' title='bbox 298 3503 342 3571; x_wconf 82' lang='grc'><strong>12)</strong></span> <span class='ocrx_word' id='word_1_318' title='bbox 366 3503 454 3558; x_wconf 89' lang='lat' dir='ltr'><strong>Sohol.</strong></span> <span class='ocrx_word' id='word_1_319' title='bbox 472 3503 503 3558; x_wconf 90' lang='lat' dir='ltr'><strong>lt.</strong></span> <span class='ocrx_word' id='word_1_320' title='bbox 521 3503 578 3558; x_wconf 91' lang='lat' dir='ltr'><strong>Vll.</strong></span> <span class='ocrx_word' id='word_1_321' title='bbox 597 3503 655 3558; x_wconf 75' lang='lat' dir='ltr'><strong>ort.</strong></span> <span class='ocrx_word' id='word_1_322' title='bbox 676 3508 768 3570; x_wconf 89' lang='lat' dir='ltr'><strong>poetas</strong></span> <span class='ocrx_word' id='word_1_323' title='bbox 786 3501 850 3556; x_wconf 85' lang='lat' dir='ltr'><strong>dicit</strong></span> <span class='ocrx_word' id='word_1_324' title='bbox 867 3502 985 3570; x_wconf 83' lang='lat' dir='ltr'><strong>pecudes</strong></span> <span class='ocrx_word' id='word_1_325' title='bbox 1003 3499 1049 3568; x_wconf 82' lang='grc' dir='ltr'><strong>[τὰ</strong></span> <span class='ocrx_word' id='word_1_326' title='bbox 1068 3503 1234 3572; x_wconf 73' lang='grc' dir='ltr'><strong><em>θρέμματα)</em></strong></span> <span class='ocrx_word' id='word_1_327' title='bbox 1252 3504 1334 3562; x_wconf 79' lang='lat' dir='ltr'><strong>tenui.</strong></span> 
     </span>
     <span class='ocr_line' id='line_1_36' title="bbox 230 3586 1335 3655; baseline 0.003 -16"><span class='ocrx_word' id='word_1_328' title='bbox 230 3588 292 3641; x_wconf 89' lang='lat' dir='ltr'><strong>nine</strong></span> <span class='ocrx_word' id='word_1_329' title='bbox 313 3588 462 3655; x_wconf 85' lang='lat' dir='ltr'><strong>appellare,</strong></span> <span class='ocrx_word' id='word_1_330' title='bbox 484 3587 550 3641; x_wconf 91' lang='lat' dir='ltr'><strong>alius</strong></span> <span class='ocrx_word' id='word_1_331' title='bbox 574 3589 602 3640; x_wconf 95' lang='lat' dir='ltr'><strong>in</strong></span> <span class='ocrx_word' id='word_1_332' title='bbox 623 3586 681 3641; x_wconf 85' lang='grc' dir='ltr'><strong>ΕΜ.</strong></span> <span class='ocrx_word' id='word_1_333' title='bbox 697 3586 756 3653; x_wconf 83' lang='grc'><strong>473,</strong></span> <span class='ocrx_word' id='word_1_334' title='bbox 774 3586 816 3642; x_wconf 82' lang='grc'><strong>94.</strong></span> <span class='ocrx_word' id='word_1_335' title='bbox 836 3586 928 3654; x_wconf 84' lang='lat' dir='ltr'><strong>lones,</strong></span> <span class='ocrx_word' id='word_1_336' title='bbox 955 3586 1103 3655; x_wconf 82' lang='lat' dir='ltr'><strong>quinorum</strong></span> <span class='ocrx_word' id='word_1_337' title='bbox 1122 3599 1230 3654; x_wconf 84' lang='lat' dir='ltr'><strong>quoque</strong></span> <span class='ocrx_word' id='word_1_338' title='bbox 1249 3603 1335 3642; x_wconf 81' lang='grc' dir='ltr'><strong><em>νοσα-</em></strong></span> 
     </span>
     <span class='ocr_line' id='line_1_37' title="bbox 230 3666 1336 3739; baseline -0.002 -13"><span class='ocrx_word' id='word_1_339' title='bbox 230 3671 291 3726; x_wconf 80' lang='lat' dir='ltr'><strong>bula</strong></span> <span class='ocrx_word' id='word_1_340' title='bbox 309 3670 459 3726; x_wconf 81' lang='lat' dir='ltr'><strong>effeminare</strong></span> <span class='ocrx_word' id='word_1_341' title='bbox 479 3669 598 3723; x_wconf 77' lang='lat' dir='ltr'><strong>dicuntur</strong></span> <span class='ocrx_word' id='word_1_342' title='bbox 622 3666 636 3732; x_wconf 78' lang='grc' dir='ltr'><em>ἦ</em></span> <span class='ocrx_word' id='word_1_343' title='bbox 660 3670 749 3739; x_wconf 79' lang='grc' dir='ltr'><strong><em>ῥοῖζος</em></strong></span> <span class='ocrx_word' id='word_1_344' title='bbox 770 3668 859 3724; x_wconf 75' lang='lat' dir='ltr'><strong>Schol.</strong></span> <span class='ocrx_word' id='word_1_345' title='bbox 880 3668 929 3723; x_wconf 87' lang='lat' dir='ltr'><strong>0d.</strong></span> <span class='ocrx_word' id='word_1_346' title='bbox 948 3668 990 3722; x_wconf 87' lang='lat' dir='ltr'><strong>lx.</strong></span> <span class='ocrx_word' id='word_1_347' title='bbox 1009 3669 1068 3726; x_wconf 85' lang='lat'>315.</span> <span class='ocrx_word' id='word_1_348' title='bbox 1088 3669 1114 3719; x_wconf 84' lang='grc' dir='ltr'><strong>ολ</strong></span> <span class='ocrx_word' id='word_1_349' title='bbox 1126 3669 1218 3727; x_wconf 87' lang='grc' dir='ltr'><strong><em>Ἴωνις</em></strong></span> <span class='ocrx_word' id='word_1_350' title='bbox 1236 3669 1250 3734; x_wconf 80' lang='grc' dir='ltr'><strong><em>ἡ</em></strong></span> <span class='ocrx_word' id='word_1_351' title='bbox 1270 3676 1336 3724; x_wconf 81' lang='grc' dir='ltr'><strong><em>κίων</em></strong></span> 
     </span>
     <span class='ocr_line' id='line_1_38' title="bbox 229 3752 1335 3825; baseline 0.001 -17"><span class='ocrx_word' id='word_1_352' title='bbox 229 3756 276 3808; x_wconf 89' lang='grc' dir='ltr'><strong><em>καὶ</em></strong></span> <span class='ocrx_word' id='word_1_353' title='bbox 298 3754 383 3807; x_wconf 77' lang='grc' dir='ltr'><strong><em>πολλὰ</em></strong></span> <span class='ocrx_word' id='word_1_354' title='bbox 408 3754 486 3823; x_wconf 77' lang='grc' dir='ltr'><strong><em>λ’τιρα</em></strong></span> <span class='ocrx_word' id='word_1_355' title='bbox 514 3754 637 3818; x_wconf 78' lang='grc' dir='ltr'><strong><em>θηλυκῶς</em></strong></span> <span class='ocrx_word' id='word_1_356' title='bbox 662 3754 830 3825; x_wconf 80' lang='grc' dir='ltr'><strong><em>προφέρουσι</em></strong></span> <span class='ocrx_word' id='word_1_357' title='bbox 855 3752 916 3807; x_wconf 86' lang='lat' dir='ltr'><strong>sch.</strong></span> <span class='ocrx_word' id='word_1_358' title='bbox 940 3752 1021 3821; x_wconf 85' lang='lat' dir='ltr'><strong>Soph.</strong></span> <span class='ocrx_word' id='word_1_359' title='bbox 1042 3753 1084 3820; x_wconf 76' lang='lat' dir='ltr'><strong>Aj.</strong></span> <span class='ocrx_word' id='word_1_360' title='bbox 1103 3752 1161 3808; x_wconf 87' lang='grc'><strong>108.</strong></span> <span class='ocrx_word' id='word_1_361' title='bbox 1187 3754 1215 3805; x_wconf 88' lang='lat' dir='ltr'><strong>in</strong></span> <span class='ocrx_word' id='word_1_362' title='bbox 1240 3755 1335 3822; x_wconf 83' lang='lat' dir='ltr'><strong>quibus</strong></span> 
     </span>
     <span class='ocr_line' id='line_1_39' title="bbox 228 3833 1333 3906; baseline -0.006 -13"><span class='ocrx_word' id='word_1_363' title='bbox 228 3837 318 3894; x_wconf 81' lang='lat' dir='ltr'><strong>Soliol.</strong></span> <span class='ocrx_word' id='word_1_364' title='bbox 342 3837 416 3893; x_wconf 86' lang='lat' dir='ltr'><strong>Piud.</strong></span> <span class='ocrx_word' id='word_1_365' title='bbox 448 3837 488 3891; x_wconf 93' lang='grc'><strong>01.</strong></span> <span class='ocrx_word' id='word_1_366' title='bbox 516 3839 535 3891; x_wconf 93' lang='lat'><strong>1.</strong></span> <span class='ocrx_word' id='word_1_367' title='bbox 562 3839 603 3894; x_wconf 88' lang='grc'><strong>10.</strong></span> <span class='ocrx_word' id='word_1_368' title='bbox 627 3835 640 3902; x_wconf 78' lang='grc' dir='ltr'><strong><em>ἡ</em></strong></span> <span class='ocrx_word' id='word_1_369' title='bbox 665 3834 748 3906; x_wconf 74' lang='grc' dir='ltr'><strong><em>αἰθήρ</em></strong></span> <span class='ocrx_word' id='word_1_370' title='bbox 775 3842 802 3892; x_wconf 88' lang='lat' dir='ltr'><strong>et</strong></span> <span class='ocrx_word' id='word_1_371' title='bbox 826 3833 840 3900; x_wconf 75' lang='grc' dir='ltr'><strong><em>ἡ</em></strong></span> <span class='ocrx_word' id='word_1_372' title='bbox 863 3835 1010 3905; x_wconf 77' lang='grc' dir='ltr'><strong><em>Μαραθών</em></strong></span> <span class='ocrx_word' id='word_1_373' title='bbox 1030 3835 1110 3892; x_wconf 87' lang='lat' dir='ltr'><strong>relert</strong></span> <span class='ocrx_word' id='word_1_374' title='bbox 1131 3834 1181 3889; x_wconf 88' lang='lat' dir='ltr'><strong>sed</strong></span> <span class='ocrx_word' id='word_1_375' title='bbox 1206 3835 1282 3892; x_wconf 88' lang='lat' dir='ltr'><strong>addit</strong></span> <span class='ocrx_word' id='word_1_376' title='bbox 1303 3836 1333 3887; x_wconf 77' lang='lat' dir='ltr'><strong>oi</strong></span> 
     </span>
     <span class='ocr_line' id='line_1_40' title="bbox 228 3917 1334 3988; baseline -0.003 -16"><span class='ocrx_word' id='word_1_377' title='bbox 228 3920 318 3975; x_wconf 77' lang='grc' dir='ltr'><strong><em>πάντα</em></strong></span> <span class='ocrx_word' id='word_1_378' title='bbox 341 3921 370 3974; x_wconf 74' lang='grc' dir='ltr'><strong>δὲ</strong></span> <span class='ocrx_word' id='word_1_379' title='bbox 394 3920 505 3972; x_wconf 82' lang='grc' dir='ltr'><strong><em>τοιαῦτα</em></strong></span> <span class='ocrx_word' id='word_1_380' title='bbox 529 3920 626 3974; x_wconf 77' lang='grc' dir='ltr'><strong><em>ι’ωνικά</em></strong></span> <span class='ocrx_word' id='word_1_381' title='bbox 651 3919 732 3980; x_wconf 74' lang='grc' dir='ltr'><strong><em>ἐστιν,</em></strong></span> <span class='ocrx_word' id='word_1_382' title='bbox 758 3918 817 3972; x_wconf 78' lang='grc' dir='ltr'><strong>ἐπεὶ</strong></span> <span class='ocrx_word' id='word_1_383' title='bbox 838 3920 884 3972; x_wconf 84' lang='grc' dir='ltr'><strong><em>καὶ</em></strong></span> <span class='ocrx_word' id='word_1_384' title='bbox 908 3920 934 3972; x_wconf 85' lang='grc' dir='ltr'><strong>ολ</strong></span> <span class='ocrx_word' id='word_1_385' title='bbox 952 3920 1067 3971; x_wconf 78' lang='grc' dir='ltr'><strong><em>Ἀττικοὶ</em></strong></span> <span class='ocrx_word' id='word_1_386' title='bbox 1090 3917 1176 3970; x_wconf 79' lang='grc' dir='ltr'><strong><em>πολλὰ</em></strong></span> <span class='ocrx_word' id='word_1_387' title='bbox 1200 3918 1334 3988; x_wconf 78' lang='grc' dir='ltr'><strong><em>ἀρσενικὰ</em></strong></span> 
     </span>
     <span class='ocr_line' id='line_1_41' title="bbox 227 4000 1333 4074; baseline 0 -16"><span class='ocrx_word' id='word_1_388' title='bbox 227 4007 293 4058; x_wconf 80' lang='grc' dir='ltr'><strong><em>ὄντα</em></strong></span> <span class='ocrx_word' id='word_1_389' title='bbox 310 4005 434 4070; x_wconf 78' lang='grc' dir='ltr'><strong><em>θηλυκῶς</em></strong></span> <span class='ocrx_word' id='word_1_390' title='bbox 449 4004 609 4073; x_wconf 71' lang='grc' dir='ltr'><strong><em>ἐκφέρουσι,</em></strong></span> <span class='ocrx_word' id='word_1_391' title='bbox 632 4010 660 4058; x_wconf 84' lang='grc'><strong>111</strong></span> <span class='ocrx_word' id='word_1_392' title='bbox 675 4003 776 4072; x_wconf 76' lang='grc' dir='ltr'><strong><em>βῶλος,</em></strong></span> <span class='ocrx_word' id='word_1_393' title='bbox 796 4002 891 4061; x_wconf 79' lang='grc' dir='ltr'><strong><em>θάλος,</em></strong></span> <span class='ocrx_word' id='word_1_394' title='bbox 911 4000 1052 4074; x_wconf 79' lang='grc' dir='ltr'><strong><em>στρύχνος,</em></strong></span> <span class='ocrx_word' id='word_1_395' title='bbox 1071 4000 1161 4063; x_wconf 74' lang='grc' dir='ltr'><strong><em>ὕαλος,</em></strong></span> <span class='ocrx_word' id='word_1_396' title='bbox 1181 4018 1251 4072; x_wconf 76' lang='lat' dir='ltr'><strong>quae</strong></span> <span class='ocrx_word' id='word_1_397' title='bbox 1265 4004 1333 4058; x_wconf 85' lang='lat' dir='ltr'><strong>Dio-</strong></span> 
     </span>
     <span class='ocr_line' id='line_1_42' title="bbox 229 4087 1065 4156; baseline -0.005 -12"><span class='ocrx_word' id='word_1_398' title='bbox 229 4093 316 4156; x_wconf 72' lang='lat' dir='ltr'><strong>nysius</strong></span> <span class='ocrx_word' id='word_1_399' title='bbox 334 4089 383 4144; x_wconf 86' lang='lat' dir='ltr'><strong>los</strong></span> <span class='ocrx_word' id='word_1_400' title='bbox 402 4087 525 4144; x_wconf 77' lang='lat' dir='ltr'><strong>feminine</strong></span> <span class='ocrx_word' id='word_1_401' title='bbox 545 4087 677 4156; x_wconf 85' lang='lat' dir='ltr'><strong>appellare</strong></span> <span class='ocrx_word' id='word_1_402' title='bbox 695 4087 824 4154; x_wconf 77' lang='lat' dir='ltr'><strong>signifieat</strong></span> <span class='ocrx_word' id='word_1_403' title='bbox 841 4087 913 4142; x_wconf 84' lang='lat' dir='ltr'><strong>Eust.</strong></span> <span class='ocrx_word' id='word_1_404' title='bbox 932 4087 1004 4154; x_wconf 85' lang='grc'><strong>1390,</strong></span> <span class='ocrx_word' id='word_1_405' title='bbox 1024 4087 1065 4143; x_wconf 80' lang='grc'><strong>50.</strong></span> 
     </span>
    </p>
   </div>
   <div class='ocr_carea' id='block_1_7' title="bbox 0 0 1399 4986">
    <p class='ocr_par' dir='ltr' id='par_1_8' title="bbox 0 0 1399 4986">
     <span class='ocr_line' id='line_1_43' title="bbox 0 0 1399 4986; baseline 0 0"><span class='ocrx_word' id='word_1_406' title='bbox 0 0 1399 4986; x_wconf 95' lang='lat' dir='ltr'><strong> </strong></span> 
     </span>
    </p>
   </div>
  </div>
 </body>
</html>
