2770 4992
157 269 212 337 nn
235 268 374 337 noum.
396 245 547 340 ruder
567 258 607 356 ιῑι
624 271 885 344 immunes.
907 279 939 344 c.
955 279 990 346 u.
1012 288 1041 359 ς.
1058 285 1084 351 1.
1112 289 1179 356 ror

6 437 7 472 l
60 433 200 500 Nitzsoln
223 435 264 500 ad
285 435 341 502 Od
356 436 407 500 Ill
421 436 472 502 21.
504 437 670 503 ltlultorum
687 441 823 521 origines
844 457 884 507 ne
900 447 1084 525 contectura
1105 435 1178 532 qui-⁵

61 530 129 602 dem
147 535 262 614 attingi
279 543 414 616 possunt
432 533 573 618 ἄμπελος,
595 527 775 621 ἀσφόδελος,
790 540 959 621 βολοελος,5
980 544 1131 628 ζαφελόςϋ
1145 558 1177 618 et

61 627 204 715 ζοφολής,
220 631 378 716 κύφελλον
393 637 504 715 nubes,
520 634 670 719 μάιιελλον
684 640 843 706 macellum
859 645 994 707 maceria
1011 663 1039 710 v.
1053 647 1176 716 Cantor.

60 730 97 794 ad
117 732 195 812 Lyc.
221 732 292 799 927.
315 733 435 816 μοελός,
457 732 605 819 νερνέλοψ
627 743 658 800 et
675 734 815 820 πηνέλοψ
829 741 1027 808 animantium
1040 748 1175 831 nomina,

59 826 196 914 νοχελὴς
225 839 257 896 et
286 835 370 915 quod
389 835 581 900 Hermannus
604 836 643 900 ad
664 837 698 901 H.
721 837 756 902 H.
784 839 815 902 in
835 840 929 904 llere.
961 839 1028 906 teu
1057 843 1176 925 aliquot

4 957 6 997 r
60 928 140 993 locis
162 933 306 995 restituit
326 929 465 1016 νωχαλός
485 936 551 999 sive
572 937 678 1017 polius
697 932 860 1020 νεέχοιλος,7
878 934 1033 1024 φάκελος8
1052 944 1103 1006 cui
1117 961 1177 1008 so-

4 1052 6 1151 .
62 1029 144 1092 ciata
165 1029 314 1094 videntur
332 1032 455 1114 foscis,
483 1034 608 1115 lesco,
636 1029 814 1118 φάσκολον.
863 1037 1043 1105 Parectnsis
1061 1041 1176 1112 iri-too

4 1151 6 1218 ,ᾗ
59 1143 174 1206 genere
205 1131 430 1197 uocabulorum
459 1134 630 1216 exemplum
656 1152 747 1200 unum
770 1137 898 1204 atterunt
917 1133 1004 1215 παρὰ
1027 1130 1063 1202 τὸ
1084 1135 1172 1206 todi*

5 1242 6 1293 ὲ
61 1247 152 1307 χομαι
174 1227 295 1309 γίνεται
322 1226 445 1314 ένδεχής
464 1229 517 1295 κοιλ
537 1235 720 1319 πλεονασμῷ
739 1235 796 1318 τῆς
814 1221 847 1298 ᾗ
868 1235 931 1316 (vel
952 1224 1001 1319 εἶ)
1020 1242 1176 1326 συλλαβῆς

3 1310 5 1363 ²
61 1323 220 1411 ένδελεχής
239 1325 293 1391 not
313 1326 473 1412 ἐνδελεχῶς
492 1331 559 1396 ΕΜ.
581 1331 651 1415 338,
673 1333 724 1398 27.
751 1332 834 1414 quod
855 1349 947 1416 quum
967 1336 1061 1420 longe
1082 1326 1174 1412 aliam

4 1432 5 1462 ³
62 1431 154 1506 atque
183 1423 392 1512 ἐνδεχομένως
417 1429 672 1510 significationem
697 1432 826 1516 haheat,
855 1433 895 1497 oh
924 1433 1107 1506 trossulum
1134 1440 1174 1508 ult

4 1563 5 1639 l
62 1521 190 1608 δέχομαι
212 1535 356 1608 repetere
376 1528 517 1592 ridentur
545 1530 617 1609 quia
643 1531 681 1594 ab
704 1530 766 1596 hoc
786 1533 881 1597 verbo
903 1529 1029 1610 ἐνδυκὲς
1050 1537 1174 1606 ductum

3 1682 6 1786 N
62 1625 447 1709 credebanlEust.1579,
468 1627 517 1692 50.
539 1627 600 1691 hoo
622 1635 723 1694 autem
745 1631 826 1713 apud
846 1639 960 1714 poetes
979 1639 1174 1716 posteriores

3 1787 7 1963 δ
104 1880 157 1948 ,5)
177 1893 203 1934 u.
222 1877 339 1934 Meinek.
360 1875 432 1931 Corn.
452 1875 553 1945 Fragm.
575 1874 597 1933 l.
617 1879 674 1936 140.
692 1879 722 1934 ln
739 1879 795 1934 ΕΜ.
814 1880 969 1954 βρικίλλοος
990 1882 1051 1942 τοὺς
1069 1863 1172 1936 milev·

61 1980 106 2021 τας
126 1961 141 2030 ἢ
164 1961 315 2021 &conedae
331 1959 407 2031 παρὰ
424 1959 453 2013 τὸ
470 1963 522 2030 ppt
537 1963 583 2014 καὶ
601 1964 715 2031 κέλομαι
730 1963 885 2034 (κέλλομειι)
898 1965 1040 2034 significari
1053 1967 1173 2023 videntur

2 2062 6 2115 ς
60 2043 147 2104 insilia
169 2047 355 2116 (welenone).

126 2157 160 2223 6)
180 2155 211 2210 ld
229 2154 357 2211 Arcadius
375 2162 401 2212 et
418 2135 462 2212 elii
479 2159 705 2229 proparoxytonon
724 2155 822 2210 iaciunt
833 2160 861 2208 ut
872 2156 1017 2224 synthetom
1037 2161 1173 2213 accentum

64 1791 135 1800 ——-

4 2225 5 2290 l
64 2238 186 2295 adverbii
205 2240 329 2308 ζοφελῶς
346 2241 536 2309 synecdromae
559 2241 716 2310 imputantes
739 2253 764 2292 u.
783 2239 850 2293 Adn.
875 2239 908 2294 ad
935 2239 1028 2296 Betim.
1055 2241 1089 2295 ll.
1113 2241 1172 2300 3311..
1283 2297 1289 2311 ,

3 2314 7 2433 λ
62 2323 131 2380 nndc
149 2327 226 2392 petet
241 2323 307 2378 illud
324 2323 422 2380 alicubi
441 2327 538 2382 lectum
557 2339 627 2380 esse.
662 2322 746 2378 Hodie
772 2336 824 2377 non
842 2322 938 2389 legitur
955 2326 1006 2381 nisi
1026 2326 1109 2382 semel
1128 2328 1170 2387 ccc

63 2408 162 2476 φελοῑο
180 2406 341 2478 copositio.
360 2407 479 2466 111567.
500 2410 624 2464 omissum
642 2409 670 2462 in
688 2407 769 2463 Thes,
784 2421 835 2462 nec
851 2420 960 2478 prorsus
979 2415 1092 2478 eertum,
1112 2423 1172 2472 nem

62 2491 127 2546 odd.
147 2496 213 2548 vett.
234 2491 392 2561 ζαφλεγοῖο.

126 2597 160 2668 7)
179 2597 312 2656 umbraue
330 2603 456 2654 acuuntur
467 2603 579 2670 excepto
593 2613 645 2654 uno
663 2596 761 2658 δέελος,
783 2600 807 2654 si
826 2598 854 2653 id
873 2604 944 2654 recte
963 2613 1010 2668 pro
1028 2597 1108 2662 δῆλος
1121 2613 1170 2675 ac.

3 2673 5 2737 ¹]
65 2683 169 2751 cipitur.
205 2679 348 2750 Νωχελῆς,
375 2683 445 2752 quod
462 2683 551 2740 Sobel.
572 2681 656 2738 otest.
675 2682 734 2739 788.
760 2683 876 2738 οκίλλω
902 2683 1075 2752 compositum
1099 2682 1170 2749 dicit,

67 2765 179 2832 simplex
199 2777 260 2820 esse
279 2763 387 2821 arbitror
404 2772 432 2820 ut
447 2765 585 2836 νωφολὴς,
604 2763 703 2829 νωθής,
724 2763 840 2834 νωθρός,
860 2763 954 2833 quibus
971 2765 1090 2820 omnibus
1102 2767 1172 2820 inest

66 2847 223 2915 significatio
241 2847 344 2916 deditis,
364 2850 441 2904 modo
461 2850 595 2906 adnisum
614 2849 712 2916 relata,
732 2849 860 2903 modoad
881 2850 1013 2916 auditum;
1039 2845 1172 2918 Νωφοιές

4 2940 5 2970 ι
67 2929 178 3000 ἀφανής
195 2961 228 2970 -
247 2928 341 2988 Netos
357 2933 469 3001 ἄφωνος
486 2930 624 2990 σκοτεινάς
641 2932 704 2987 iles.
721 2945 768 3001 pro
794 2946 846 3000 quo
863 2931 1027 2988 Herodianus
1049 2949 1078 2987 π.
1098 2936 1169 2986 Meo.

66 3016 107 3072 42.
127 3011 231 3072 νοοδός
248 3013 341 3071 afferre
357 3017 472 3072 videtur:
490 3014 628 3086 βαρύτονα
645 3014 767 3076 Ξοῦθος,
791 3015 916 3074 Beudos,
943 3015 1053 3075 Νοῧδος
1074 3012 1171 3086 ceipene

8 3136 11 3146 .
68 3097 162 3166 ψόφος
179 3095 211 3148 έν
229 3097 312 3150 οὔδει.
347 3096 473 3157 Ἡσίοδος
489 3099 599 3156 Νοῦθος
624 3096 653 3149 δὲ
673 3096 768 3152 ποδῶν
786 3097 839 3150 aino
863 3098 966 3157 δοῦπος
991 3095 1096 3170 ὀρώρει.
1132 3097 1171 3152 lta

3 3189 5 3224 l
69 3182 136 3236 euim
153 3181 282 3248 suspicor,
301 3187 362 3249 post
379 3182 489 3240 Νοῦδος
513 3180 608 3255 κέριον
628 3181 760 3238 excidisse
778 3183 830 3238 tale
855 3181 979 3251 quiddam
1004 3181 1051 3233 καὶ
1077 3177 1173 3248 ψόφος

70 3263 169 3322 coedes
188 3265 307 3331 εἴρηται·
324 3262 451 3323 Ἡσίοδος
469 3264 579 3322 Νοοθός
596 3263 625 3316 δὲ
644 3293 675 3304 ·-
814 3273 816 3280 ’

132 3365 164 3430 8)
189 3361 339 3422 consum,
358 3364 428 3431 quod
446 3364 585 3420 tecobsius
611 3365 644 3420 ad
661 3363 721 3420 del.
745 3379 772 3434 p.
789 3364 850 3424 241.
872 3371 900 3421 et
916 3364 1005 3432 Poppo
1030 3362 1063 3417 ad
1090 3361 1171 3417 Thuc.

72 3447 104 3502 lt.
129 3449 170 3504 77.
189 3462 241 3501 non
260 3447 412 3515 repudiant,
434 3448 575 3503 inllrmetur
592 3448 733 3504 collatione
753 3449 890 3518 compositi
908 3444 1171 3516 κομποφακελοῤῥή·

71 3548 138 3597 μων,
155 3531 181 3583 in
200 3546 251 3599 quo
271 3545 362 3586 omncs
380 3530 438 3584 libri
457 3534 627 3598 consentiunt,
647 3536 674 3586 et
691 3531 852 3598 cognominis
866 3531 952 3584 ltianii
967 3529 1102 3581 Placetitis
1115 3531 1171 3583 sivo

74 3611 205 3664 Phacelina
222 3615 394 3680 originatioue
411 3615 462 3667 nisi
480 3629 543 3671 vera
562 3621 634 3672 certe
651 3616 756 3684 antiqua
770 3630 795 3670 v.
809 3615 917 3684 luterpr.
933 3612 965 3666 ad
977 3611 1025 3666 Sil.
1038 3611 1095 3665 ltal.
1107 3609 1171 3665 llltl.

75 3694 130 3752 260.
166 3695 305 3765 Utriusque
323 3699 392 3751 enim
410 3697 526 3752 secunda
544 3698 643 3766 syllaba
661 3696 747 3754 brevis
773 3704 822 3754 cst.
860 3695 984 3766 Κεφελός
1008 3695 1040 3748 ab
1058 3692 1172 3748 Arcadio

76 3778 139 3833 inter
156 3779 288 3847 adjectiva
306 3784 417 3847 oxytona
433 3781 543 3835 relatum
561 3783 706 3849 ignoratur,
725 3796 776 3838 nec
791 3775 895 3851 praesto
913 3779 1071 3842 remedium
1101 3776 1172 3830 κελε-

77 3858 132 3926 pic
148 3862 220 3931 quod
249 3863 280 3918 G.
300 3861 447 3918 Diudortius
471 3866 499 3918 in
525 3865 603 3920 dhes.
632 3879 655 3936 s.x
680 3865 806 3936 Κελεφέο
831 3865 974 3934 ςιιοροιιίλ,χ
990 3860 1174 3917 terminatione

78 3945 222 4013 excluditur,
242 3943 357 4002 κόπελος
372 3948 475 4012 opernm
493 3952 603 4003 accentu
623 3953 649 4003 et
666 3951 788 4005 novitate.
822 3949 915 4016 ignota
927 3947 1006 4000 stiam
1021 3945 1095 4010 origo
1109 3957 1174 4010 pro-

3 4037 4 4046 *
78 4028 182 4091 priorum
198 4026 346 4088 Βούσελος,
365 4029 485 4090 Δέκελος,
498 4031 618 4100 ”illelom
636 4029 757 4091 Πάνελος
773 4031 863 4100 Steph.
881 4029 976 4086 Πίελος
992 4027 1070 4082 Paus.
1089 4026 1111 4081 l.
1131 4027 1172 4083 lt.

81 4108 250 4180 Θειῤῥιλείδης
271 4116 322 4170 etc.
