2758 4994
71 305 126 371 DE
141 301 239 370 ΝΟΜ.
254 297 421 377 QUORUM
433 295 548 363 CHAR.
558 295 635 362 EST
650 293 868 362 durruntn.
891 297 924 363 C.
937 299 972 366 ΙΙ.
989 307 1018 378 ς.
1035 301 1061 368 1.
1089 301 1161 370 807

44 471 181 554 primam
202 465 329 531 eandem
351 481 424 528 essa
445 461 645 544 principalem
666 469 862 542 argumentor
883 478 921 526 ex
934 463 1003 528 aliis
1020 465 1161 531 rooabn-

44 571 90 633 lis
106 568 243 632 sutrinae
261 565 397 646 propriis
414 555 579 643 τιισύμμιον
591 559 719 624 σκυτίον
729 554 1022 643 ΡΙιοι.κύοσυμκτον
1034 565 1162 629 σκυτίον

42 656 407 732 desuadendam&
432 655 643 743 περιτμήματα
668 660 732 722 τῶν
759 655 919 740 ύερμάτων
938 653 992 745 ἀφ’
1015 649 1057 726 οὗ
1076 657 1162 746 ἡμεῖς

39 759 334 845 ττιττὼιιαιέμομιν
347 762 444 824 bloer.
458 775 537 840 quaa
553 759 647 840 poeta
668 758 735 822 siro
756 758 838 838 petia
860 765 889 821 ot
908 761 1027 838 pataria
1048 776 1162 826 vooan-

42 875 102 931 tur
116 884 136 928 a
151 861 354 944 scriptoribus
369 857 459 922 modii
474 857 541 921 aori
554 857 656 920 latinis
670 865 700 920 et
712 856 814 933 κιτζύα
825 856 858 918 in
871 872 984 935 genere
997 867 1105 923 neutro
1122 861 1160 925 ab

40 963 233 1044 aequalibus
257 960 383 1025 Graecis
405 958 485 1022 siout
506 956 674 1020 veterarius
695 957 764 1036 ipse
785 950 910 1033 τιτζιύς.
924 991 966 1004 -
983 945 1162 1042 Longum'o]

38 1079 115 1128 non
130 1060 283 1143 reperitur
299 1059 359 1122 nisi
375 1074 394 1122 a
410 1056 506 1120 verbo
524 1054 706 1118 translatum
727 1059 760 1117 ut
782 1049 909 1137 οἰμωγή,
928 1047 1049 1139 dompni,
1071 1053 1162 1142 ύρω-

38 1158 120 1246 μύς,
151 1176 219 1224 oum
239 1155 403 1221 molathesi
424 1152 544 1218 voodlis
569 1158 603 1216 ui
626 1153 665 1216 ab
687 1147 802 1235 ἅγνυμι
821 1149 1006 1237 κνματωγὴ,
1037 1150 1162 1238 ὤμανον

39 1269 79 1326 et
101 1252 300 1338 κεριύμανον
321 1255 451 1319 oautbus
466 1256 555 1315 rotae
574 1251 741 1334 additoque
754 1252 829 1335 iota,
850 1259 884 1316 ut
896 1254 1050 1339 suspicor,
1073 1252 1162 1341 impii,

39 1375 112 1442 quo
136 1355 303 1437 dgniboari
323 1353 446 1417 videtur
464 1351 555 1414 loeus
576 1356 662 1414 tutus
683 1353 820 1417 aventis
835 1351 1039 1436 lluotibusque
1055 1371 1160 1437 oppo-

40 1459 114 1524 situ
135 1453 230 1519 nolis
250 1466 324 1516 sose
344 1443 567 1532 frangentibus.

503 1646 530 1712 G
550 1645 581 1709 A
601 1645 638 1711 Ρ.
675 1645 715 1710 ll.

235 1771 293 1841 De
316 1769 517 1839 nominibus
542 1769 580 1836 io
608 1790 727 1838 -κ-
756 1770 977 1840 exstantibus.

133 1945 166 2014 §-
186 1937 215 2004 1.
257 1935 304 2002 lle
326 1939 457 2000 aooentu
477 1934 632 1998 nominum
654 1935 851 2015 propriorum
870 1936 961 2000 nimis
981 1943 1098 2001 autum
1112 1944 1161 2001 est

42 2042 251 2124 praeooptanr
275 2035 308 2098 in
329 2033 433 2098 Sobol.
455 2033 488 2097 ll.
510 2031 613 2098 XXIV.
635 2032 706 2098 566.
725 2029 764 2098 τὰ
784 2030 879 2113 κύρια
897 2030 1064 2117 βαρύνεται
1088 2030 1161 2098 Φύ-
1214 2037 1219 2055 '

41 2144 156 2218 λακος,
168 2130 324 2210 Adineos,
341 2129 433 2196 ἔνθεν
448 2125 581 2196 ύνάιιοιν
593 2129 788 2214 Διοςκύροιν,
808 2135 860 2198 ubi
874 2135 1002 2214 primunr
1016 2127 1161 2208 Αύλακος

44 2237 201 2317 seriptum
221 2232 342 2298 videtur
360 2248 417 2312 pro
430 2225 565 2306 Ἢακος
582 2231 670 2296 Eust.
687 2233 775 2316 1758,
792 2233 842 2298 25.
857 2231 940 2314 quod
961 2249 1010 2314 ap.
1026 2232 1159 2313 llesyob.

45 2330 341 2414 s.‘Yi.aaidpsmala
363 2330 493 2405 aeuitur,
518 2336 708 2411 postremum
722 2331 762 2397 ad
781 2332 917 2413 regulam
941 2330 979 2396 de
998 2347 1062 2394 non
1083 2348 1161 2412 pro-

45 2435 128 2518 priis
145 2431 302 2513 portinere
318 2436 448 2510 apparet
465 2445 504 2492 or
515 2429 603 2494 Eust.
617 2425 656 2493 τὰ
673 2425 832 2494 teneaat
853 2424 993 2507 ὀξύνεται
1013 2425 1160 2514 μαλακός,

46 2525 179 2608 αἰναιιός,
201 2523 279 2592 ὅθεν
296 2525 350 2592 καὶ
368 2522 405 2591 τὸ
416 2520 548 2592 ιἰναιιοῖν
564 2525 752 2614 Διοςκόροιν
767 2547 796 2611 p.
810 2529 900 2613 1365,
913 2528 964 2593 45.
980 2535 1011 2592 ot
1024 2547 1053 2610 p.
1072 2529 1161 2612 1425,

47 2631 101 2698 29.
125 2629 234 2703 Αἴλιος
253 2619 393 2700 ἄνακούς
419 2621 495 2702 τοὺς
514 2625 726 2712 Λιοςκούρους
748 2625 827 2711 φησὶ
846 2623 990 2709 λέγεσθαι
1017 2621 1060 2701 ὥς
1080 2627 1162 2690 Αἰα-

45 2724 158 2804 ααύς.1
201 2726 263 2793 Sed
289 2726 388 2805 magis
418 2727 572 2808 explieato
601 2727 753 2792 Aroadius
781 2721 821 2790 τύ
847 2726 890 2802 εις
921 2714 979 2802 eoo-9
1002 2719 1081 2808 ύτιὲρ
1102 2721 1162 2790 δύο

49 2822 206 2911 eadwig
225 2826 270 2912 τῷ
290 2828 313 2888 ἃ
333 2820 575 2906 παραληνόμενα
595 2815 636 2890 ού
657 2831 836 2911 προηγεῖται
856 2821 1031 2910 σύμφωνον
1043 2821 1065 2908 ἢ
1079 2820 1189 2906 σύμ-“

48 2949 145 3012 parvo
165 2921 262 3007 κύρια
282 2918 358 2988 ὄντα
378 2919 559 3006 βαρύνεται,
587 2920 770 3006 Λάβδακος,
795 2925 934 3000 Πίνακος
954 2923 1008 2990 καὶ
1024 2919 1162 3007 Ἀμάρα-

48 3049 113 3106 κος,
134 3021 280 3098 Ἴθακος·
309 3023 507 3105 σεσημείωται
524 3017 561 3086 τὸ
578 3017 709 3098 Ἀσακός
729 3020 782 3087 καὶ
798 3017 926 3098 Ἀλακός
947 3022 1001 3088 καὶ
1021 3026 1162 3088 Katane

47 3121 113 3202 κύς.
155 3126 314 3204 Barytona
347 3122 440 3201 igitur
470 3129 543 3186 sunt
569 3123 694 3188 nornina
723 3141 853 3206 quoruro
882 3124 975 3204 alpba
1004 3122 1162 3204 praeeedit

49 3241 195 3292 oousona
218 3239 279 3288 nna
300 3227 334 3286 ut
357 3221 496 3294 Πίναιιος
522 3221 593 3286 Sob.
620 3223 756 3289 Pboenn.
777 3243 805 3288 v.
825 3223 855 3288 8.
893 3223 1053 3304 Koloenon
1072 3221 1161 3286 Diod.
1194 3219 1196 3226 '

50 3324 84 3387 V.
107 3322 159 3390 81.
193 3316 336 3394 Θύλακος
355 3318 447 3385 raus.
469 3320 503 3384 V.
525 3319 574 3384 23.
596 3317 785 3405 Στρόφακος
806 3321 899 3387 Thuo.
920 3321 968 3386 tv.
991 3321 1040 3387 78.
1060 3315 1162 3383 “You-

49 3444 105 3496 κος
132 3419 234 3486 Nonn.
255 3419 386 3484 xxxtv.
409 3417 458 3482 23.
481 3413 641 3494 ”Ostanes
656 3421 746 3486 1ΡΙιιί.
768 3421 801 3484 V.
823 3420 928 3500 Pyrrb.
951 3437 977 3483 o.
1006 3420 1053 3484 16.
1089 3415 1162 3482 Φύ-

49 3524 145 3594 λακος
175 3517 280 3583 Galen.
302 3518 407 3599 Comp.
429 3515 509 3581 blod.
530 3534 559 3598 p.
583 3516 657 3582 Gen.
680 3519 714 3582 V.
734 3519 806 3584 805.
835 3519 868 3582 T.
889 3519 966 3583 Xlll.
1005 3511 1163 3598 Νύρακος

50 3620 136 3684 urbis
159 3633 272 3682 nomen
301 3615 383 3682 Suid.
406 3623 436 3679 et
458 3615 690 3696 quadrisyllabo
714 3611 921 3700 Ἀστράβακος
947 3618 1038 3680 Paus.
1058 3617 1107 3682 lll.
1133 3617 1160 3681 1.

49 3713 240 3798 Ἀσσάρακος
260 3715 348 3780 Hom.
370 3708 556 3796 Σοβάύακος
575 3714 707 3795 Appian.
730 3716 832 3780 blitbr.
855 3734 880 3781 o.
898 3715 946 3780 79.
985 3716 1161 3789 Στσύθακος

55 3819 156 3884 strab.
171 3815 232 3880 Vll.
244 3813 315 3879 297.
332 3830 428 3894 quare
447 3808 638 3889 Πιττάλακος
656 3815 815 3880 Demostb.
832 3815 903 3898 tut,
917 3813 967 3880 21.
980 3817 1052 3894 jura
1066 3830 1161 3895 prao·

57 3975 348 3990 -ι--ι--ι--ῇ

119 4067 147 4134 1)
166 4065 307 4120 l’iorsonus
325 4061 358 4117 ad
376 4059 458 4118 bloer.
476 4077 502 4132 p.
523 4064 564 4120 78.
585 4065 689 4131 corrigit
708 4061 835 4122 ύκακούς.
865 4061 918 4119 Sed
936 4061 982 4118 illo
1000 4061 1034 4119 de
1050 4068 1160 4119 accentu

53 4151 121 4219 loqui
139 4147 254 4204 ridetur.

883 4229 952 4298 20⁸
