2770 4992
140 299 200 364 nn
220 297 360 365 noum.
383 296 424 361 m
444 280 599 380 ῖλοτήλ
618 293 878 364 nxnunrrnus.
901 299 933 365 c.
947 299 982 364 u.
1004 304 1034 375 c.
1048 299 1078 366 a.
1110 299 1164 368 nr

53 465 160 529 nescio
186 479 227 527 an
248 461 355 526 cadem
374 454 575 543 quaeritatis
595 461 706 526 dicitnr
724 481 753 527 r.
771 463 802 527 C.
820 464 842 528 1.
867 469 897 538 §-
912 463 941 528 3.
962 470 993 528 ct
1016 456 1080 541 ὀξίς
1101 463 1166 529 Ga-

53 567 108 630 len.
133 565 175 628 de
192 563 298 643 Simpl.
313 563 417 642 Temp.
432 557 480 626 IV.
493 561 523 645 3,
545 561 614 626 031.
638 563 670 626 Τ.
691 561 740 626 ΧΙ.
762 562 813 626 nbi
835 555 909 638 ὀξύς
927 561 1083 642 vulgatum
1105 571 1164 647 est,

53 666 211 744 latinaque
240 660 386 724 acetaria.
429 659 568 723 Altemm
596 661 810 725 terminatione
831 662 1020 744 paragogica
1041 669 1164 727 auctum

54 771 98 826 cst
119 757 289 844 τρόυηλις,
312 757 395 839 quod
416 775 465 839 ap.
488 759 560 822 Hes.
581 759 669 822 Pbot.
693 766 724 822 ct
746 759 1009 843 Suid.ccom1tt9‚
1037 761 1070 823 in
1091 777 1164 824 ser-

53 878 143 925 mone
182 859 290 922 rustici
325 857 518 937 Megarensis
549 858 681 930 Acbarn.
708 859 779 924 020.
812 861 974 938 τροταλλλς
1004 859 1164 940 (coenatio

53 960 178 1041 Eimsl.)
207 958 353 1022 scribitur
382 958 471 1037 quasi
493 956 647 1036 doricum3
685 957 768 1038 quod
788 975 863 1023 vcro
886 959 956 1023 buic
978 959 1162 1023 simillimum

5 1123 6 1134 ,
55 1071 100 1126 est
127 1056 300 1142 τροφαλλλς
325 1057 393 1120 sive
419 1057 566 1137 τροφαλλς
595 1049 657 1118 ἀπὸ
689 1057 745 1118 τοῦ
772 1051 891 1138 θρέψαι
916 1077 944 1122 v.
970 1059 1094 1123 Jacobs.
1124 1059 1163 1124 ad

5 1155 7 1216 ἶ
54 1161 201 1226 Pbiiostr.
223 1175 253 1238 p.
274 1153 344 1219 401.
366 1153 495 1218 Mcinek.
519 1154 602 1218 Com.
631 1153 679 1218 Fr.
703 1156 723 1219 l.
746 1155 815 1220 538.
829 1156 857 1198 ¹³
881 1157 1008 1222 atticum
1026 1160 1164 1222 nominat

5 1259 6 1334 j
57 1260 161 1326 Schol.
183 1257 315 1320 Theocr.
336 1253 386 1318 XI.
407 1253 457 1318 20.
505 1253 611 1334 Neque
641 1254 732 1317 alium
755 1262 915 1319 accentum
936 1256 1051 1321 babent
1070 1279 1164 1341 τοτη-

5 1343 6 1408 ss
57 1362 98 1434 ηις
117 1353 211 1438 ἀκρίς
233 1363 264 1419 et
284 1354 407 1436 τρνηλλς
426 1362 524 1434 nuper
545 1353 720 1416 restitutum
740 1354 772 1416 in
790 1354 914 1419 Lucian.
932 1356 1057 1438 Lexipb.
1081 1365 1111 1433 §-
1134 1359 1161 1423 7.

58 1477 111 1543 pro
133 1452 285 1539 τρυήλης,
316 1456 404 1532 cujus
432 1454 549 1515 immac
577 1451 778 1515 masculinum
799 1453 913 1517 nulium
936 1455 1065 1518 inveniri
1086 1461 1162 1539 puta

58 1565 181 1641 praeter
210 1545 386 1633 ελςκνήλης,
414 1548 530 1612 ionitae
556 1543 729 1613 ἀκόλουθον
758 1551 892 1632 i'bcogn.
914 1549 970 1616 sed
991 1551 1163 1618 boeotiam

58 1659 208 1734 ελςτνιλος
236 1652 381 1716 scribitur
409 1656 440 1713 et
470 1649 620 1729 ambiguis
643 1651 831 1730 conjecturis
859 1667 941 1714 nunc
967 1649 1006 1716 ad
1034 1651 1165 1726 εἰςτνεῐν

59 1759 203 1836 trabitur,
233 1767 315 1814 nunc
337 1747 376 1812 ad
396 1743 551 1812 ἑσπέσθαι
596 1751 673 1814 Sunt
700 1767 775 1814 vcro
797 1751 945 1814 nonnulla
964 1751 996 1814 in
1017 1737 1072 1826 a&
1085 1769 1164 1834 pro-

60 1858 164 1922 ducta:
187 1843 366 1931 ἀπατήλιος,
388 1850 437 1911 oui
455 1848 636 1912 Eustntbius
659 1849 748 1931 1755,
769 1849 818 1913 32.
846 1857 986 1914 neutrum
1006 1844 1046 1913 τὰ
1065 1846 1164 1935 νοσή-

59 1959 108 2018 λτα
123 1949 280 2031 atiJungit3
303 1949 343 2011 ab
355 1944 472 2028 ἕκηλος,
494 1955 527 2010 ut
541 1947 740 2011 Aristarchus
756 1948 885 2031 censuit,
907 1941 1056 2032 νἰεκήλιος,
1079 1951 1162 2031 quod

5 2037 7 2056 ’
61 2055 109 2117 alii
138 2050 179 2114 ad
203 2041 285 2110 ἑκολυ
311 2047 448 2110 reiorum
475 2063 502 2110 v.
533 2047 636 2110 Scbcl.
666 2045 698 2109 ll.
725 2045 827 2110 XViii.
848 2049 896 2111 77.
923 2055 957 2111 ut
985 2066 1004 2111 a
1030 2044 1163 2114 κάνθων
1246 2055 1248 2060 ’

61 2161 263 2232 synonymum
284 2141 452 2228 κανθήλιος
473 2144 649 2208 cantherius
666 2143 753 2208 Eust.
771 2145 859 2228 1625,
871 2144 920 2210 39.
945 2146 1002 2210 scd
1023 2149 1091 2212 sinc
1111 2149 1164 2211 in-

62 2251 213 2333 terpositu
227 2244 361 2308 nominis
380 2236 534 2325 κενμήλιος
550 2249 580 2305 ολ
597 2238 745 2326 γαμήλιος
760 2245 894 2325 Theogn.
914 2245 933 2308 i.
958 2247 1018 2309 c.¹⁴
1032 2247 1081 2309 eui
1096 2246 1162 2312 EM.

60 2351 126 2433 221,
150 2349 177 2413 1.
200 2338 350 2427 θομήλιον
371 2341 470 2425 addit,
499 2340 555 2405 sed
581 2341 672 2420 hujus
693 2349 782 2440 artat
798 2343 922 2408 brevior
944 2346 1042 2410 iorma
1060 2339 1163 2427 θέμη-
1241 2401 1242 2406 ,

5 2463 6 2470 ’
60 2453 113 2513 λον
134 2455 165 2513 ολ
188 2440 362 2527 caecatos,
391 2442 517 2522 saepius
548 2445 649 2503 tamon
669 2456 726 2521 per
753 2463 779 2505 a
799 2444 925 2524 scripta.

139 2569 170 2638 §-
195 2561 224 2625 3.
265 2557 350 2622 Haeo
377 2560 478 2619 autam
501 2557 603 2618 omnia
629 2555 815 2637 multiplicas
836 2557 950 2621 babent
970 2558 1163 2623 vicissitudi-

5 2639 7 2696 i
61 2677 122 2728 nes.
164 2657 298 2725 Primum
319 2655 437 2719 uocalis
458 2654 663 2734 penultimae:
704 2652 819 2739 ξυήλην
840 2653 881 2740 ἣν
901 2652 1017 2740 ξυήλην
1036 2651 1163 2740 λέγομεν

63 2761 140 2827 Suid.
163 2755 248 2841 qnod
270 2771 360 2837 quum
381 2753 575 2818 Herodianus
596 2776 627 2818 τι.
642 2757 727 2819 Μον.
749 2773 777 2838 p.
791 2755 840 2821 39.
859 2774 927 2821 cum
942 2752 1047 2840 φιάλη,
1063 2759 1162 2840 Μυρ-

62 2857 147 2944 τάλη,
180 2851 302 2936 Πετάλη
325 2853 491 2935 (Aristacn.
516 2852 537 2918 i.
567 2853 623 2936 Ep.
645 2854 708 2936 25.)
731 2847 848 2937 ἀγκάλη
870 2858 1042 2938 consociat·
1070 2856 1162 2937 alpha

62 2959 149 3024 bravo
173 2972 246 3022 esse
268 2953 435 3034 significat3
459 2948 591 3016 πέταλον
612 2960 642 3016 ct
662 2947 801 3036 κέτηλον,
823 2949 950 3029 πέταλος
972 2962 1002 3018 ολ
1022 2948 1160 3038 πέτηλος,

5 3035 6 3088 λ
64 3053 248 3140 κροκὲτηλος
274 3049 434 3132 πεποίηται
461 3045 523 3115 ἀπὸ
550 3053 608 3115 τοῦ
635 3053 795 3134 προπίπτου
818 3054 890 3118 flea.
911 3053 961 3117 vel
982 3055 1163 3135 proximati

65 3151 209 3240 προπετής
232 3161 267 3217 ut
287 3146 466 3224 παταπετὲς
487 3168 544 3232 pro
565 3147 791 3235 πεντακέτηλον
811 3153 957 3234 legimus3
991 3150 1163 3235 στραβαλός

66 3255 122 3338 iq.
143 3247 286 3337 οτρεβλός
308 3251 381 3333 (nisi
403 3251 483 3314 iorta
502 3250 639 3314 doricum
662 3256 711 3313 est
732 3257 765 3313 nt
780 3253 984 3333 compositum
1004 3255 1163 3337 στραμβα-

66 3351 204 3438 λοκὸμας)
234 3359 265 3417 et
295 3345 464 3433 στράβηλος
492 3349 629 3413 concbne
657 3365 768 3413 nomen
797 3355 827 3414 ct
854 3350 941 3414 oleae
975 3369 1003 3416 r.
1029 3351 1161 3418 Mainok.

68 3452 141 3519 Corn.
162 3455 210 3518 ur.
231 3451 254 3516 1.
281 3447 351 3515 256.
378 3443 499 3531 γαμολλη
528 3447 546 3512 λ.
569 3464 597 3529 q.
626 3441 761 3530 κάμηλος
786 3447 859 3512 Has
888 3449 1038 3514 incertum
1065 3451 1160 3531 longo

68 3552 148 3634 eloim
169 3569 210 3617 an
230 3550 325 3615 brari.
366 3547 432 3612 Neo
453 3565 524 3611 raro
547 3547 739 3610 alternanti
760 3551 791 3610 ct
811 3555 842 3630 η,
864 3546 998 3613 δείκελον
1012 3556 1042 3614 et
1058 3549 1162 3634 δείκη-

126 3794 169 3862 13)
194 3793 224 3848 ln
246 3791 352 3862 Antipb.
380 3792 420 3848 Fr.
440 3793 468 3848 Τ.
487 3792 535 3848 lll.
553 3791 596 3848 25.
621 3807 667 3860 pro
685 3765 854 3863 τροφαλίδας
876 3789 1066 3862 λινοσάρκους,
1091 3791 1162 3860 quod

70 3872 207 3931 bustatbius
223 3875 322 3934 λεπτάς
338 3879 535 3945 interpretatur,
555 3890 718 3931 correxeram
735 3873 918 3946 λιτοσάρκους.
1002 3909 1014 3930 ,

128 3977 169 4044 14)
185 3977 235 4031 ibe
252 3974 367 4036 ἒτώλιος,
385 3976 507 4048 ἀφώλιος
524 3976 656 4042 vulgatum
673 3990 721 4044 pro
734 3974 871 4034 Αἰτώλιος,
890 3970 1057 4042 ἀποφώλιος.
1084 3973 1160 4036 Quod

5 4063 7 4076 '
72 4052 152 4113 Festus
176 4061 239 4115 dicit
258 4059 367 4112 camelis
389 4061 528 4127 ebcinibus
554 4060 699 4126 αηνρλλοανο
717 4065 843 4126 capturae
866 4059 948 4110 colent
964 4058 1004 4110 sic
1022 4058 1161 4125 accipian-

74 4136 124 4194 dun
142 4145 262 4196 Gameliic
279 4141 390 4210 ολνρὲοοτ
406 4148 457 4198 ολο.
