2772 4992
199 267 272 338 882
541 263 865 332 utssnlttnntu
899 263 975 330 viti

203 439 308 518 potest
327 439 361 498 ut
380 447 438 514 pro
459 423 569 506 ιοντὸς
596 429 757 512 scripserit
780 421 963 506 Ἆπόιοτος,
991 427 1075 511 cuod
1105 427 1322 512 Goettlirrgios

205 532 334 618 optabat
361 529 400 596 de
419 531 495 596 hcc.
515 530 585 596 227.
629 527 692 594 Sed
717 535 845 609 uterque
866 535 989 609 praeter
1011 523 1174 592 Eudieron
1194 532 1323 609 gentili-

205 634 284 698 cium
306 628 418 696 llerod.
442 629 489 694 tv.
509 629 538 694 6.
561 629 664 692 otuisit
677 643 790 692 nornen
801 633 1014 692 concertatum
1017 631 1131 709 cujus
1142 630 1321 708 genitivum

204 724 351 812 αρότον
370 729 420 792 rel
439 719 582 808 ἀβοότον
602 725 752 806 llarpocr.
781 733 811 790 et
830 725 896 790 tiit
926 724 1009 806 apud
1035 726 1234 792 Dinarchum
1262 729 1324 809 legi

204 827 261 896 set
281 844 345 892 non
365 827 433 890 sine
455 825 635 905 suspicione
655 823 756 890 mendi
776 831 946 904 testantur;
968 841 1006 888 ac
1019 840 1177 904 negenus
1194 827 1323 907 quidem

205 934 338 1010 constat,
356 920 486 1004 ἄκριτοι
507 939 547 988 att
567 917 696 1004 ἄκριτα.
738 919 886 998 Materte
906 916 950 986 dt'
980 917 1097 1002 ἑνὸςτ,
1121 931 1155 986 ιιι
1179 925 1325 1005 Stepha-

205 1044 265 1093 uus
286 1028 338 1108 ait,
358 1040 423 1090 uon
442 1038 514 1086 raro
536 1021 655 1104 tegitur,
676 1021 733 1087 scd
754 1021 867 1104 duplex
883 1029 1003 1087 tuentur
1015 1029 1130 1101 poetae
1144 1027 1179 1086 et
1195 1021 1323 1104 lapides

205 1147 233 1193 ι.
254 1127 351 1190 lusor.
372 1122 409 1188 ιι.
432 1121 523 1187 2843.
551 1119 737 1201 codicesque
759 1129 820 1184 tarn
839 1122 872 1186 iu
889 1121 1044 1201 gentilicio
1066 1137 1161 1201 quam
1182 1121 1220 1184 in
1243 1141 1324 1203 pro-

205 1225 284 1306 prio.
325 1220 456 1286 Nomina
475 1221 591 1302 primae
612 1219 827 1284 declinationis
848 1235 1018 1300 paronpura
1039 1224 1111 1282 sunt
1134 1215 1280 1303 ἱππότης
1293 1229 1324 1286 ει

202 1317 339 1403 τοξότης,
367 1333 497 1400 quorum
530 1317 651 1382 voeatis
679 1317 718 1382 ad
744 1319 988 1383 terminationem
1017 1319 1163 1398 pertioet;
1203 1314 1325 1404 ἀρότης

204 1437 280 1486 vero
295 1427 324 1483 et
338 1410 452 1500 ὀμότης
463 1435 483 1480 a
495 1417 599 1481 verbis
612 1423 780 1500 traxerunt,
801 1417 883 1482 siout
895 1417 948 1480 illa
960 1433 1039 1497 quae
1052 1424 1147 1480 antea
1161 1423 1322 1501 tractavi3
1382 1429 1383 1490 ι

203 1513 352 1600 δεσπότης
371 1516 557 1598 Apollonius
578 1533 618 1580 ex
637 1509 807 1598 ιιισποστής
825 1515 965 1578 extitisse
984 1515 1099 1594 statuit,
1129 1517 1192 1580 sed
1216 1536 1325 1602 neque

204 1617 266 1682 hoo
293 1616 325 1680 iu
351 1632 410 1680 usu
435 1631 537 1696 nequo
564 1614 758 1696 verbalibus,
788 1612 900 1694 quibus
927 1614 1026 1678 simile
1054 1621 1120 1696 est,
1142 1609 1322 1702 ἁρμοστής,

204 1712 323 1799 ιριστής
350 1722 410 1780 etc.
438 1715 536 1796 sigma
563 1712 751 1796 detrahitur,
779 1721 809 1776 et
834 1711 922 1776 verbi
941 1713 1041 1792 ipsius
1061 1709 1204 1792 δεσπόζω
1226 1721 1322 1799 origo

204 1833 335 1900 prorsus
363 1815 529 1894 incognita
577 1811 733 1876 Femiuiua
761 1818 833 1876 sunt
862 1806 950 1894 βιοτή
977 1818 1009 1875 et
1036 1807 1144 1895 ίροτὴ,
1176 1832 1323 1896 quorum

205 1932 338 1982 caussae
358 1916 391 1978 in
411 1919 538 1994 aperto,
560 1919 590 1976 et
609 1910 695 1974 urbis
714 1926 829 1974 notncu
857 1905 1017 1983 Φανοτειίς
1044 1945 1087 1956 --
1110 1907 1235 1993 λέγεται
1262 1916 1322 1982 καὶ

207 2009 336 2098 Φονότη
367 2009 420 2076 και
450 2005 605 2074 nouam
633 2009 740 2090 Steph.
782 2008 959 2073 Consonanr
986 2008 1170 2090 duplicatam
1193 2013 1322 2081 habeut

203 2117 338 2180 virorum
359 2113 483 2176 uomina
497 2109 624 2192 propria
635 2101 874 2188 Σανιιράκοττος
886 2115 917 2172 et
932 2110 1113 2182 Σιοίκοττος
1131 2129 1158 2172 ι.
1171 2111 1317 2180 Ellendt.

203 2211 438 2280 adnodant.
460 2210 490 2294 6,
510 2209 539 2274 2.
562 2207 689 2280 Βίοττος
708 2207 740 2270 ιι
761 2207 857 2273 lusor.
884 2209 977 2273 Attio.
1008 2208 1157 2282 Φίλιππος
1183 2211 1319 2279 Niobae

203 2314 328 2378 maritus
349 2329 378 2375 ι.
399 2308 545 2372 lachen.
577 2306 616 2371 ad
644 2306 780 2372 Phoenn.
810 2324 840 2370 v.
872 2305 940 2372 159.
959 2302 1110 2388 ’Ἀιιροττο
1137 2302 1320 2394 οὐδετέρως

203 2413 317 2528 χωρίον
336 2405 371 2473 ἐν
397 2407 501 2494 Audio
532 2406 638 2487 Steph.
667 2400 855 2484 κοροκόττας
882 2406 948 2468 sive
979 2401 1145 2488 κροκόττας
1173 2416 1207 2472 et
1236 2433 1318 2492 προ.

203 2507 335 2586 πούττας
365 2507 467 2574 ιοειιιι
492 2503 690 2587 Aethiopica,
724 2511 754 2568 ct
783 2504 845 2566 alia
871 2504 1013 2569 barbara
1068 2506 1157 2572 Nunc
1186 2509 1229 2573 ad
1258 2511 1316 2576 di-

205 2611 382 2694 phthongos
403 2619 538 2688 pergam.
576 2597 623 2666 Τὰ
636 2597 689 2665 ιιια
700 2624 759 2666 τον
774 2625 858 2686 οιτης
870 2599 1075 2684 βαρυτονα
1039 2625 1081 2686 μη
1103 2599 1181 2668 ὄντα
1201 2607 1317 2690 παροί-

202 2732 288 2791 ννμα
307 2701 360 2772 oab
388 2725 444 2788 της
465 2725 495 2766 οι
514 2697 703 2786 γράφονται,
730 2701 906 2785 Δαμοίτης,
931 2696 1103 2786 Ἆγροίτης,
1139 2706 1313 2790 Μενοίτης,

205 2810 360 2891 Φιλοίτης,
377 2799 522 2884 Ἆτοίτης,
546 2803 709 2884 Θαμοίτης,
730 2802 854 2885 Λοίτης,
874 2795 1055 2884 Ἀνομοίτης,
1073 2796 1222 2885 Ἀρσίτης,
1240 2801 1315 2869 Ἀν-

202 2908 335 2990 δροίτης,
356 2903 521 2984 Σανοίτης,
542 2894 672 2983 attotam.
722 2897 766 2964 Τὸ
787 2897 966 2985 πρεσβύτης,
988 2895 1132 2984 εὐιύτης,
1162 2899 1313 2988 μεγύτης,

202 3001 388 3090 βασανύτης,
406 2995 562 3085 Ἀρχύτης,
575 2997 714 3084 ποδότης,
728 2994 923 3084 ἄλκυονύτης
935 3001 1131 3084 σεσημείωται
1144 2995 1188 3076 ὡς
1200 3001 1312 3084 παροί-

202 3126 286 3186 ννμα
305 3098 357 3166 urb
376 3103 499 3184 μακροῦ
519 3103 578 3166 τοῦ
597 3107 619 3164 u
640 3096 802 3182 γράφοντα
821 3095 880 3182 τὴν
904 3095 1147 3183 παραλήγουσαν
1169 3102 1311 3183 Theogh.

201 3205 252 3271 tc.
284 3202 416 3266 Primum
443 3217 532 3281 ιςιιι
559 3199 596 3264 de
617 3200 656 3262 iis
684 3217 763 3280 quae
785 3199 1001 3280 diphthongum
1022 3199 1146 3263 habent.
1190 3201 1311 3266 llorurn

203 3310 334 3387 quotuor
354 3301 452 3382 prima
471 3299 641 3363 indubitata
663 3305 744 3364 suut.
783 3291 916 3382 Ἀτοίτης
935 3315 1047 3363 ιειεοι
1067 3315 1107 3362 ne
1130 3315 1170 3363 ex
1191 3299 1309 3382 duplici

203 3420 309 3469 errore
330 3406 434 3464 uatum
455 3400 509 3478 sit,
541 3415 602 3463 uno
632 3397 748 3461 librarii
769 3397 820 3479 qui
842 3399 889 3462 sic
909 3414 966 3480 pro
989 3390 1113 3479 ἀγοίτης
1134 3399 1309 3482 scripserit,

202 3505 300 3568 altero
330 3499 521 3580 lheognosti
551 3499 650 3579 ipsius
684 3495 829 3558 vitiosam
856 3496 1002 3576 hesychii
1035 3495 1086 3559 vel
1120 3499 1308 3580 antiquioris

203 3599 426 3681 Glossogruphi
454 3599 636 3678 scripturam
661 3588 798 3677 Ἀγοίτης
824 3588 970 3678 ὑβριστής
990 3611 1085 3658 caeca
1106 3596 1308 3662 testinatione

203 3700 380 3780 sequentis3
414 3713 544 3779 nouoque
574 3689 697 3777 ἀιοίτης
724 3693 919 3758 scribendum
947 3701 1002 3759 est.
1050 3693 1229 3760 Proximum
1258 3713 1307 3777 ap.

200 3798 312 3864 hrcad.
333 3803 418 3862 recto
438 3797 585 3877 scriplum
605 3793 768 3876 Θυμοίτης,
789 3794 909 3858 tertium
922 3810 979 3874 pro
993 3793 1130 3876 Λαοίτης
1142 3795 1308 3877 surrepsit,

201 3898 284 3980 quod
306 3905 355 3962 est
374 3896 461 3960 lovis
480 3895 675 4012 Neptunique
697 3894 855 3975 epitheton
875 3891 965 3956 Pans.
986 3888 1095 3975 ιιι,
1117 3893 1145 3958 1.
1169 3895 1307 3975 quintum

198 3993 335 4081 Ἀροίτης
355 4013 412 4079 pro
431 3989 572 4078 Ὀροίτης
591 3988 702 4073 κύριον
730 3991 814 4058 Suid
833 4008 946 4056 nomen
966 3992 1121 4073 persicum
1141 3992 1174 4054 iu
1195 3992 1305 4074 vulgus

201 4104 316 4162 uotum
354 4089 527 4178 Ἀνεμοιτης
547 4093 602 4157 init
623 4091 760 4157 Thebani
780 4089 939 4171 cujusdam
958 4107 1112 4157 uouteuv.
1125 4090 1305 4170 Bernhardy
