2758 4994
215 257 287 326 m
570 249 891 317 uissnnnnnlc
925 252 973 317 iv.

216 421 346 508 ραραίνη
368 419 427 504 piri
448 415 575 482 oluacve
591 418 725 501 speeies,
747 434 837 499 quam
852 417 981 482 Romani
993 425 1142 484 murteam
1157 421 1340 504 appellant,

217 523 284 590 iota
304 519 429 602 longum
452 517 555 600 habet,
574 517 705 599 μυρτίνη
718 533 793 580 vero
808 517 874 580 sive
887 518 1019 601 μυρσίνη
1033 527 1164 599 myrtum
1178 522 1208 584 si
1226 523 1340 600 signi-

218 623 307 704 leat,
335 617 471 684 brevitor
499 616 560 681 dici
587 617 634 682 sic
656 623 688 680 ut
709 615 859 698 Μνροίνη
881 617 1010 680 leminae
1031 633 1143 682 nomen
1165 622 1339 700 proprium

220 729 250 786 et
268 713 434 800 adtectus
454 715 550 797 urbis,
570 716 735 797 perspicue
757 723 788 778 et
809 713 1002 780 Grammatiei
1023 715 1136 782 docent
1157 725 1189 782 et
1211 727 1340 798 poeta-

218 833 285 884 rum
306 823 404 882 metra
425 811 583 878 declarant
603 813 977 880 Pind.1stnm.Viil.147.
999 815 1095 896 soph.
1114 816 1160 880 El.
1175 815 1248 881 326.
1269 825 1338 881 ete.

219 917 339 1002 Quippe
368 913 542 980 femininum
571 916 621 974 est
646 910 790 992 adjectivi
816 908 974 994 palemone.
1013 913 1090 977 Nam
1118 920 1152 978 nt
1178 932 1200 978 a
1225 916 1339 998 μῆλον

217 1011 328 1100 petie,
357 1011 493 1078 ιοῦκοα
519 1011 613 1092 συκῆ,
641 1011 688 1074 sio
716 1011 777 1075 alio
808 1013 1032 1076 terminationis
1063 1013 1144 1077 ilexu
1165 1031 1184 1076 a
1204 1010 1338 1096 μύρτον

216 1111 352 1200 μυρρίνη
372 1107 393 1196 ἢ
413 1105 453 1174 τὰ
472 1107 573 1194 μύρια
593 1116 789 1194 καρποφορεῖ
806 1109 924 1192 Geopp.
942 1111 993 1175 XI.
1020 1111 1067 1177 16.
1095 1112 1210 1176 Peccat
1230 1115 1338 1194 igitur

219 1219 367 1280 accentus
395 1212 427 1276 in
454 1211 616 1292 uosenop.
638 1208 799 1290 8ο1ιοιί.ρ.·
824 1209 892 1276 140.
919 1208 1066 1292 μυρρίναι
1089 1206 1158 1294 παρ’
1176 1204 1337 1287 Ἀττικοῖς

217 1309 252 1378 ul
276 1310 389 1384 κοινῶς
409 1317 563 1391 pupeieno
586 1309 731 1376 Similiter
750 1307 890 1392 αιτυίνη,
912 1309 964 1374 ubi
984 1318 1034 1376 est
1054 1310 1178 1392 plantae
1199 1330 1335 1394 nomen,

217 1425 297 1492 quae
318 1407 357 1474 ab
379 1408 449 1472 aliis
468 1410 651 1492 papetranus
671 1413 816 1490 vocatur,
843 1426 906 1472 non
926 1411 970 1472 ita
990 1416 1023 1473 ut
1039 1411 1218 1476 Passovvius
1240 1412 1334 1493 iecit,

218 1505 399 1592 signandum
420 1507 554 1573 arbitror
581 1505 638 1571 sed
665 1507 789 1588 appioto
817 1508 1002 1589 penultimae
1022 1510 1118 1588 apice.
1158 1510 1201 1573 At
1220 1511 1252 1574 si
1275 1509 1334 1591 ρη-

215 1608 283 1690 eae
303 1604 428 1687 αιτοίνη
450 1606 554 1672 Galen.
572 1607 687 1688 Eupor.
711 1605 747 1668 ll.
768 1604 819 1687 24,
839 1605 909 1671 422.
932 1607 964 1670 Τ.
986 1607 1061 1671 Xll.
1083 1607 1201 1688 Geopp.
1223 1609 1278 1674 Vl.
1301 1611 1332 1674 7.

217 1708 334 1774 omisso
357 1705 553 1770 substantivo
575 1704 686 1769 dicitur
705 1703 830 1786 πιτυίνη
850 1704 934 1768 Paul.
950 1706 1012 1770 vii.
1036 1705 1084 1786 18,
1104 1704 1174 1771 294.
1197 1713 1229 1769 οι
1252 1707 1331 1773 296.

217 1808 298 1874 sicut
325 1805 515 1886 receptantem
542 1803 660 1884 Geopp.
680 1802 757 1866 xvi.
778 1801 806 1867 9.
835 1803 920 1867 Ριιί.
942 1804 1004 1868 Vll.
1027 1804 1099 1870 288
1129 1821 1187 1884 pro
1217 1807 1332 1869 resina

217 1905 436 1986 terebinthina,
466 1917 556 1967 nemo
586 1901 676 1966 alitor
704 1903 920 1982 pronuntiabit
940 1919 1031 1984 quam
1052 1901 1257 1967 masculinum
1278 1926 1331 1966 ere

214 2003 328 2080 αύϊνος.
361 2002 539 2083 Eodemque
560 1999 652 2064 modo
675 1999 846 2080 plantarum
869 2003 994 2066 nomina
1017 2004 1181 2080 αείεαῖνος,
1203 2016 1329 2084 σταφυ-

215 2110 301 2180 λῖνος
319 2103 452 2168 discerni
474 2101 512 2165 ab
534 2099 696 2180 adjectivis
718 2101 991 2182 propanoxvtonis,
1013 2117 1053 2164 en
1071 2101 1111 2163 iis
1132 2117 1213 2182 quae
1235 2103 1327 2183 prius

215 2206 298 2274 uicta
318 2206 391 2269 sunt
411 2207 482 2264 ante
504 2199 614 2264 oculos
636 2204 694 2262 est.
729 2198 833 2261 Tertio
856 2197 1025 2262 eduliorum
1038 2199 1192 2264 vocabula
1207 2217 1248 2264 en
1264 2199 1326 2264 ad-

211 2302 337 2388 Joetivis
359 2300 441 2363 iacta
462 2299 596 2363 nativam
617 2296 750 2360 rotinere
772 2296 953 2361 brevitatem
980 2297 1166 2362 documento
1190 2305 1241 2363 est
1262 2322 1327 2382 pv-

214 2401 285 2486 ρίνη
304 2401 338 2465 in
356 2398 483 2462 Luciani
503 2412 611 2477 versu,
641 2395 691 2458 cni
718 2396 954 2476 aequiparamus
981 2396 1121 2480 νιεηηρίνη
1142 2396 1240 2478 pultis
1263 2399 1326 2461 nri-

213 2503 332 2570 liacoae
354 2511 467 2560 nomen
498 2500 529 2558 et
555 2492 722 2577 θριδακίοη
749 2494 912 2575 placentae
938 2495 1060 2561 diverse
1082 2514 1101 2560 a
1121 2497 1324 2563 substantivo

213 2597 380 2681 θριδακίνῃ
400 2595 420 2658 i.
443 2611 471 2675 q.
499 2591 700 2675 θριδακίοκη,
727 2592 810 2674 quod
831 2611 851 2658 a
870 2592 983 2674 θρίδαξ
1010 2594 1179 2658 derivatum
1210 2602 1323 2660 est-ut
1375 2587 1376 2675 l

215 2721 234 2768 a
256 2693 371 2780 δέλφαξ
392 2691 558 2775 nepetae
578 2693 645 2755 iota
665 2694 780 2774 pariter
801 2692 970 2774 product03
997 2699 1157 2775 postremo
1179 2691 1324 2772 Μαζιναί

215 2795 363 2883 (pepone)
384 2787 475 2875 μάζαν
494 2791 627 2870 Hesych.
653 2784 759 2873 Ὀξίνη
779 2808 913 2874 quoque,
935 2796 1002 2856 sive
1023 2793 1152 2875 irpioem
1175 2791 1322 2874 designat
1374 2785 1375 2877 i

214 2901 281 2966 sive
311 2891 535 2974 onpregmiarn,
570 2895 681 2952 natura
715 2889 899 2970 adjectivum
926 2891 1063 2969 videtur,
1095 2895 1126 2952 et
1155 2894 1321 2974 coaptione

212 2996 290 3062 Poll.
303 2993 340 3058 X.
365 2990 432 3057 113.
455 2993 543 3070 cujus
564 2997 725 3052 accentum
745 3005 810 3053 non
829 2996 952 3054 mutem.
982 2989 1044 3054 Sed
1062 2990 1234 3074 Ιινοτρίνη
1247 2993 1320 3074 pori-
1373 3031 1374 3081 η

212 3099 267 3168 λος
286 3093 360 3157 Hes.
380 3105 556 3169 germanum
584 3089 652 3152 sino
679 3087 772 3151 dubio
802 3087 1027 3152 substantivum
1055 3095 1113 3153 est.
1152 3088 1201 3154 De
1226 3094 1319 3172 μοίυ-

212 3193 317 3277 βιιίνη,
339 3187 423 3271 qnod
444 3194 493 3250 est
514 3186 567 3250 teli
587 3202 701 3269 genus,
725 3186 840 3250 dubito.
849 3183 879 3226 ³⁷
1372 3221 1373 3284 η

294 3346 325 3414 ς.
345 3336 375 3402 8.
409 3333 542 3399 Nomina
568 3335 725 3416 gentilicia
746 3342 988 3401 consentaneum
1010 3342 1059 3400 est
1080 3339 1169 3418 sequi
1190 3357 1318 3405 mensu-

210 3455 277 3507 ram
297 3433 552 3502 masculinorum:
575 3429 719 3514 Κραοαός
738 3471 780 3482 -
800 3427 819 3496 ὁ
838 3435 963 3516 πολίτης
984 3437 1175 3515 Κραστῖνος,
1197 3434 1233 3503 τὸ
1255 3443 1317 3521 θη-
1371 3481 1372 3484 =

210 3533 306 3604 ίνκὸν
326 3532 485 3616 Κραοτίνη
507 3533 613 3614 Steph.
637 3539 695 3598 ete.
732 3533 855 3617 Καρίνη
876 3535 909 3597 in
931 3534 1089 3597 Thesauro
1118 3537 1316 3617 amphimacri

210 3644 317 3704 notam
336 3630 459 3712 accepit
479 3637 512 3694 nt
534 3630 615 3713 apud
634 3631 821 3713 Hesychium
841 3633 977 3714 Καρίνοίι
996 3633 1158 3720 apperiat
1178 3643 1212 3700 et
1226 3638 1315 3720 Καρ-
1370 3629 1371 3693 l

276 3923 323 3992 37)
339 3923 388 3976 Pro
406 3918 542 3990 σαρδῆναι
559 3918 650 3974 Galen.
670 3919 705 3976 de
723 3921 801 3975 Aiim.
819 3920 920 3977 Facuit.
938 3922 986 3977 lll.
1005 3923 1053 3988 41,
1069 3924 1129 3981 746.
1147 3925 1175 3979 Τ.
1195 3926 1239 3980 Vl.
1262 3927 1314 3980 Co-

211 4021 271 4063 raes
289 4006 323 4060 ad
340 4003 452 4060 Xenocr.
470 4021 496 4073 p·
514 4003 573 4062 202.
592 4001 721 4072 σαρδίναι
740 4004 820 4059 scribi
837 4007 893 4060 vult
908 4006 951 4062 vei
969 4005 1111 4075 οαριίῑνοι,
1134 4010 1206 4078 quod
1223 4025 1314 4066 nomen

211 4091 292 4145 hodie
309 4091 337 4142 in
352 4101 402 4142 usu
421 4093 469 4144 ost.
846 4097 849 4102 ·
