2770 4992
199 295 251 361 nn
271 293 413 362 numu.
433 293 476 360 m
497 278 538 360 ii
556 247 817 362 uxuuurmus
849 296 882 364 c.
896 297 943 364 iv.
965 303 996 372 ς.
1009 297 1037 364 e.
1100 297 1164 366 ree

53 463 174 545 primae
204 453 422 526 declinationis
450 465 576 541 praeter
603 462 744 542 propria:
779 455 927 542 Ἆρούλος
951 462 1044 528 Paua.
1066 457 1165 526 Acri-

54 566 127 646 λας,
148 556 323 642 Rephidim,
346 555 516 640 Κορκύλας,
539 554 685 640 Κορύλας
706 566 764 626 etc.
775 560 801 602 ¹¹
821 577 913 626 uuum
935 563 1087 626 succurrit
1109 562 1166 628 sed

54 663 179 725 minime
201 667 320 724 eertum
341 652 478 741 βαβύλας
497 654 594 742 πηλός
613 658 687 722 llos.
717 659 874 723 Femiuiua
890 661 999 725 tertiae
1016 661 1165 742 pleraque

55 759 198 824 derivata
218 757 373 840 Αἰσχυλίς,
396 758 549 839 &excite
567 777 596 820 v.
615 758 700 822 Basi.
715 759 813 838 Epist.
827 757 896 823 245.
920 755 1065 842 &pudic
1080 763 1164 842 Σερ-

55 859 144 939 petie
167 857 274 921 Schol.
300 857 391 921 Thuc.
413 857 448 922 ll.
470 857 519 921 65.
548 859 636 937 cujus
662 855 792 920 mediam
813 857 937 922 brevem
959 875 1032 924 osse
1053 865 1164 924 osteu-

57 957 100 1020 dii
115 961 286 1020 accentus:
298 949 337 1018 τὰ
347 949 407 1037 γὰρ
419 950 663 1036 συνεσταλμένον
675 951 783 1037 ἔχοντα
793 951 832 1019 τὸ
843 949 1028 1038 ediderim,
1045 979 1164 1040 poppo-

56 1056 110 1134 λίς,
136 1057 275 1137 emmelis
295 1050 436 1118 ἐπίθετον
452 1047 589 1136 Ἀθηνᾶς
610 1055 716 1136 steph.
739 1072 765 1120 s.
782 1056 962 1138 Παμφυλία
1002 1059 1056 1124 Sic
1072 1059 1165 1124 otiam

57 1156 189 1237 πηγυλλς
216 1147 373 1230 ὀξυτόνως
397 1147 418 1237 ἡ
438 1149 617 1237 πονευώδης
637 1153 742 1218 861101.
765 1152 822 1218 0d.
843 1154 919 1218 xli.
942 1154 1013 1222 litt.
1035 1153 1165 1238 πηδνλίς

57 1250 154 1336 πέτρα
176 1249 207 1330 ἐξ
230 1241 267 1336 ἧς
287 1249 373 1335 ὕδωρ
394 1251 442 1334 ῥεῖ
453 1253 526 1316 lles.
541 1258 575 1315 ut
588 1248 689 1330 πῖὸαξ,
712 1251 751 1314 ab
768 1250 827 1330 αἵξ,
848 1259 882 1316 ut
895 1254 1050 1336 suspicor,
1072 1253 1165 1337 αἱμυ-

57 1354 101 1427 teg
119 1355 217 1416 vitex.
253 1355 436 1432 Suspectum
450 1354 542 1434 igitur
556 1346 702 1424 Θέσυνλις
721 1359 995 1432 proparohytouos
1016 1354 1164 1436 seriptum

58 1454 86 1515 in
107 1451 250 1516 secundo
267 1453 422 1516 Theocriti
435 1452 569 1514 carmine
583 1467 647 1513 nou
662 1450 758 1514 semel
771 1449 826 1514 scd
842 1451 1012 1534 ευομίοε.12
1053 1453 1165 1522 verum

9 1601 10 1632 .
60 1552 95 1615 de
117 1552 228 1632 specie
248 1551 356 1614 horum
376 1550 597 1615 vocabulorum
618 1548 696 1612 hacc
717 1550 795 1612 salis
817 1557 898 1613 suut.
924 1551 1164 1632 significationis

9 1635 10 1716 Ϊ
58 1651 238 1734 proprietas
260 1649 343 1712 nulla
365 1651 425 1714 uisi
446 1651 478 1712 iu
499 1648 614 1712 doricis
636 1647 817 1728 quibusdam
843 1644 991 1730 δριμύλος
1019 1655 1049 1714 et
1069 1646 1164 1731 muri-

9 1739 10 1808 7
59 1753 127 1828 λος,
156 1765 288 1829 quorum
308 1748 382 1811 ihud
405 1747 509 1812 Schol
532 1747 622 1810 Dion.
646 1744 775 1810 tiramni.
795 1746 866 1812 857.
894 1747 955 1812 hcc
974 1748 1041 1812 ΕΜ.
1064 1749 1163 1814 demi·

59 1850 197 1914 uutivum
219 1846 303 1929 dicit,
323 1847 403 1910 crude
423 1847 611 1926 aliquantum
633 1845 728 1910 distat
748 1841 908 1926 ἐροτύλος,
930 1853 1082 1927 quatenus
1101 1865 1162 1916 uon

9 2001 10 2036 .
60 1947 371 2030 paraschematistum
399 1952 448 2008 est
475 1945 531 2008 sed
558 1961 615 2025 pro
645 1938 774 2025 ἐρώτων
802 1945 851 2008 νο1
877 1939 1046 2025 ἐρωτάριου
1072 1947 1165 2030 velot,

9 2075 10 2094 ο
61 2050 141 2112 sicut
169 2037 247 2126 ihus
277 2045 387 2109 dicitur
414 2061 470 2125 pro
498 2038 657 2126 ἐρώμενος.
699 2044 814 2123 lnjuria
835 2048 937 2107 autem
956 2043 1164 2110 Blomlicldius

62 2147 99 2210 ad
119 2147 222 2210 Proin.
243 2144 312 2210 214.
336 2139 483 2226 demotos,
517 2143 643 2217 αἴουλος
670 2149 701 2206 ct
721 2137 850 2224 αἱμύλος
870 2143 930 2206 hun
949 2145 1059 2226 referi,
1082 2144 1166 2208 llat-

63 2247 143 2310 thiae
172 2245 303 2310 Granni.
332 2250 361 2318 §.
387 2242 454 2308 102.
480 2242 527 2307 11.
548 2237 684 2320 Ἴτυλος,
718 2241 801 2323 quod
827 2242 866 2305 ah
885 2236 968 2317 ’Ἰτυς
995 2241 1165 2308 derivatum

64 2353 110 2409 cst
137 2350 171 2408 ui
200 2361 219 2408 a
248 2345 365 2416 Φίνους
388 2336 543 2414 dimdium
568 2341 660 2404 hnih.
682 2341 731 2406 vi.
761 2339 829 2404 192.
858 2357 922 2404 uun
949 2341 1166 2407 deminutionis

9 2511 10 2522 ρ
65 2461 159 2507 causa
180 2441 238 2506 sed
259 2441 545 2523 puraschcmatismi
566 2458 594 2503 v.
612 2439 716 2504 Schol.
741 2439 833 2503 Thue.
856 2439 891 2503 ll.
915 2439 965 2505 29.
980 2436 1066 2504 Ἴτυν
1085 2435 1166 2516 τινὲς

61 2536 177 2606 'revelo
195 2541 272 2622 (sic)
294 2541 432 2603 καλοῦσι.
472 2539 538 2604 Nec
560 2537 712 2603 credimus
733 2539 856 2603 Donato
872 2538 911 2603 ad
924 2537 1053 2621 Adelph.
1068 2540 1117 2604 lll.
1132 2540 1163 2624 2,

65 2642 110 2705 51.
140 2641 285 2704 Simulus
313 2640 541 2703 deminutivum
568 2657 590 2702 e
618 2641 699 2702 simo
728 2639 779 2702 oei
803 2639 932 2704 Simone
961 2639 1000 2703 cl.
1025 2637 1164 2711 Grauert.

66 2739 161 2803 huall.
185 2756 215 2820 p.
238 2737 306 2802 145.
348 2738 481 2802 Facilius
508 2735 568 2800 huc
595 2735 768 2800 admiserim
794 2738 891 2801 verba
917 2737 1067 2818 quaedam
1093 2733 1166 2815 ἐξα·

66 2833 243 2916 νουύνλειν,
265 2832 445 2916 eumenio,
467 2828 630 2921 ἡβυλλιᾷν,
650 2827 801 2918 illuuiem
820 2851 881 2916 quo
903 2836 1070 2902 lleuaudcr
1089 2851 1166 2902 usus

67 2947 111 3002 est
131 2954 190 3019 pro
214 2935 348 3020 adulari,
369 2944 400 3000 ct.
420 2929 640 3012 ποππυλιοὶζειν
659 2935 726 3000 sive
745 2929 974 3018 παππυλωὶζυν,
996 2935 1079 3016 quod
1098 2935 1166 3000 Eu·

66 3038 196 3102 stathius
218 3054 248 3118 p.
269 3035 341 3118 565,
364 3035 411 3100 12.
436 3034 591 3098 Theocriti
613 3033 753 3114 exemplo
775 3035 865 3098 nixus
888 3033 993 3098 dorice
1007 3034 1067 3099 dici
1080 3035 1166 3098 ahir-

66 3145 125 3201 met
143 3153 203 3219 pru
231 3129 409 3211 ποππύζειν.
451 3133 596 3196 Doricum
618 3134 709 3196 etiam
731 3132 852 3197 videtur
871 3132 928 3197 sed
950 3132 1167 3200 deminutionis

67 3252 175 3319 expers
186 3228 417 3316 Ῥςδρυμυλίξοι
433 3228 590 3315 ἐςδρομοῑν
609 3231 698 3295 Phot.
723 3231 883 3312 simileque
905 3232 1049 3312 superius
1071 3232 1166 3295 allato

66 3333 235 3418 depuitism
256 3339 314 3398 etc.
334 3333 395 3397 uisi
417 3331 500 3416 quod
520 3325 674 3413 dpcpdim
692 3346 757 3395 nou
778 3337 892 3414 cxsiat,
912 3331 1041 3416 parique
1062 3337 1169 3395 treus-

130 3549 174 3617 ll]
205 3549 342 3604 deuitirus
365 3545 492 3616 Σιμύλον
514 3545 643 3615 probabili
665 3544 828 3600 correctione
847 3545 949 3624 positus
972 3548 1013 3600 est
1029 3543 1106 3598 huth.
1124 3542 1168 3602 vl.

68 3646 90 3686 n.
107 3633 148 3690 31.
169 3634 213 3688 cui
229 3633 324 3688 similis
341 3629 486 3684 Δασκύλεω
504 3631 561 3686 Vll.
578 3631 637 3687 709.
656 3629 849 3683 auomiuativis
867 3630 894 3682 iu
911 3647 941 3685 ος
964 3626 1119 3684 excuntibus
1142 3631 1171 3680 ut

69 3715 189 3776 Βάττου,
214 3716 258 3770 vel
276 3717 362 3784 potius
381 3715 543 3770 dicalalectis
566 3720 595 3768 ut
610 3710 768 3783 Βράχυλλος
787 3716 815 3767 et
831 3709 997 3784 Βρυχύλλης.
1034 3711 1170 3766 Genitirus

72 3799 176 3868 llorylae
194 3799 242 3854 Sil.
264 3799 322 3853 ltal.
340 3798 375 3853 ll.
396 3798 452 3855 126.
474 3797 507 3852 ad
529 3798 701 3866 compositum
724 3795 836 3864 harpiae
853 3792 1015 3867 (Δορύλαος)
1038 3793 1171 3861 pertinere

73 3881 174 3938 ridetur.

134 3983 176 4051 12)
202 3981 340 4053 Βάρδυλις
358 3982 415 4037 sive
431 3978 583 4049 sepimine
604 3981 676 4049 regis
693 3981 789 4048 lllprlei
811 3991 906 4033 nomen
931 3980 971 4032 est
991 3989 1016 4028 v.
1034 3973 1119 4042 llajos
1139 3973 1172 4027 ad

77 4060 171 4121 lucian.
188 4065 306 4121 llacroh.
327 4079 350 4118 c.
372 4067 411 4122 10.
429 4063 549 4119 Wichers
567 4063 600 4118 ad
613 4064 773 4132 Theopomp.
787 4063 843 4130 116.
864 4059 989 4128 Amyclae
1000 4061 1071 4128 regis
1086 4059 1170 4114 Thra-

79 4148 127 4202 niae
143 4149 219 4204 Diod.
238 4146 466 4215 tactyoimurhis
485 4146 603 4203 Celticae
621 4147 711 4215 Steph.
