2768 4994
124 262 203 326 DE
217 261 310 327 ΝΟΜ.
330 261 494 338 QUORUM
508 261 620 325 CHAR.
635 260 711 324 EST
726 259 857 326 Sinnin.
889 263 921 326 C.
939 264 974 328 11.
993 272 1021 339 ς.
1037 266 1065 330 2.
1099 265 1168 332 423

21 436 111 494 sunt
139 428 324 510 gentilicia,
346 443 516 491 consonam
530 426 674 507 primitivi
687 426 821 490 natinara
837 429 1011 511 Stephanus
1026 447 1088 493 nnn
1106 449 1167 496 nnn

21 545 108 592 ,οοο
132 520 459 606 ἀθοΙοιαῐ’Άσβωτος
476 517 647 606 Ἀσβνίτιος,
671 525 792 599 Βοῦτος
812 522 954 607 Βούτιος,
978 524 1168 610 Βούθροιτος

20 620 283 706 Βουθρώτιος,
305 619 469 704 Κάρθυτος
482 619 673 704 Καρθύτιος,
696 617 848 700 Madnasa
868 621 1033 702 Μαδύτιος
1045 623 1088 703 ὡς
1101 631 1167 712 Βη-

20 721 170 806 ρύτιος,
202 729 233 786 at
253 730 342 788 notat
364 723 535 786 contraria:
571 717 713 804 Βὴροτος
734 719 887 804 Βηρύτιος
907 718 950 799 ὡς
967 719 1106 804 Ἀζώτιος
1126 765 1166 772 -

19 821 260 906 σεσημείωται
279 817 316 884 τὸ
338 815 493 902 Μιλήσιος
513 817 547 884 ἐν
566 825 704 895 τοπικοῖς
724 815 772 884 ὅτι
792 817 905 904 ἐτράπη
932 824 1024 904 (adda
1045 819 1166 890 intona

19 919 84 1005 ὅν)
114 915 173 998 ὥς
188 915 227 986 τὸ
242 915 508 1002 (παραούνθετον)
527 915 706 994 Θεοδόσιος·
726 913 763 982 τὸ
780 916 839 1002 γὰρ
856 917 1005 999 θεόᾶοτος
1016 922 1070 990 καί
1086 919 1165 988 ἀθί-

20 1043 142 1097 νατος
168 1017 230 1084 καί
250 1015 401 1102 ἄμβροτος
421 1014 566 1084 σύνθετα.
599 1015 643 1082 Τὸ
664 1015 697 1082 δὲ
717 1020 853 1099 χαρίσιος
867 1014 905 1084 οὐ
916 1018 1054 1088 τοπικόν.
1088 1021 1165 1106 Περὶ

20 1123 93 1186 τοῦ
133 1116 330 1201 Περκώσιος
358 1113 503 1200 ἐροῦμεν,
534 1135 595 1198 qno
624 1118 694 1182 Ιοοο
722 1117 796 1181 nihil
825 1119 954 1201 amplius
983 1123 1056 1188 dicit
1075 1141 1165 1204 qnam

29 1216 215 1302 Περκώτη
240 1213 437 1298 Περκώσιος,
467 1217 523 1282 sed
550 1216 623 1280 alini
648 1212 795 1298 Κριθώτη
817 1213 996 1300 Κριθοίσιος
1017 1215 1059 1295 ὦς
1080 1225 1165 1304 Περ-

25 1318 181 1396 αώσιος,
208 1337 264 1384 san
285 1319 357 1399 qnia
378 1317 455 1380 haas
476 1335 494 1379 a
515 1317 688 1380 nominibus
710 1317 740 1379 in
761 1303 807 1399 τ’νῖ
821 1326 889 1382 orta
910 1327 982 1383 sant
995 1321 1061 1384 sive
1075 1321 1164 1384 aliam

32 1423 79 1485 ob
107 1436 261 1486 causan.
304 1418 407 1496 Signia
427 1432 501 1478 varo
524 1416 663 1494 assignat
691 1417 729 1478 iis
756 1433 835 1496 quaa
856 1419 1019 1497 genitivum
1040 1421 1071 1482 in
1089 1405 1165 1502 {aa}

29 1522 197 1584 mittunt:
241 1516 415 1608 [νμνησίαι
435 1551 477 1561 -
498 1509 676 1595 satanianos
703 1507 766 1577 ἀπὸ
786 1516 841 1597 τῆς
863 1519 1025 1599 Πιμνῆτος
1044 1521 1166 1602 γενικῆς

33 1620 151 1701 τροπῇ
186 1617 246 1680 τοῦ
265 1602 286 1678 ἱ
303 1615 345 1688 είς
366 1615 431 1692 σ,11
452 1609 550 1695 Μύης
568 1608 702 1695 Μὺητος
722 1610 885 1695 Μνήσιος,
925 1612 1030 1699 Τύμης
1055 1615 1164 1701 Tnari-

34 1733 111 1791 σιος
143 1710 195 1789 ὡς
223 1711 416 1797 Φαγρήσιος,
452 1707 639 1794 Μαγνήσιος
659 1749 696 1756 -
726 1710 881 1793 Τυνήσιος
909 1709 952 1788 ὡς
975 1711 1161 1798 Γνμνιὶσιος,

33 1810 269 1898 manumissos,
291 1813 346 1878 sed
368 1813 428 1876 hoo
457 1813 546 1876 etiam
569 1805 769 1893 Ἀδρυμήτιος
801 1813 895 1876 scribi
923 1814 1060 1878 danais.
1083 1815 1159 1879 inv.

36 1918 79 1981 Et
104 1914 285 1995 singularis
308 1911 440 1991 exempli
459 1911 594 1974 meminit
621 1906 752 1988 Νίπετος
777 1913 948 1986 Νεπεοίνος
967 1908 1065 1994 τροπὴ
1087 1910 1163 1975 ἰδιοξ-

42 2017 158 2092 ζουσα.
202 2013 310 2092 Naqua
331 2010 430 2074 solunt
453 2009 556 2072 tanin
578 2010 675 2088 sigma
696 2012 804 2074 transit
825 2010 881 2074 sed
900 2011 1051 2075 interdum
1071 2013 1162 2075 atiam

41 2115 135 2178 theta
155 2107 356 2194 Τροιὸρυθος
374 2103 585 2190 Τριαορύσιος,
607 2107 690 2188 quod
712 2109 884 2189 Stephanus
905 2111 974 2190 ipse
993 2115 1162 2193 attestatur,

45 2213 108 2277 etsi
133 2231 154 2276 a
178 2205 366 2292 Σεσίρηθος
387 2201 593 2288 Σεοοιρήθιος,
617 2203 806 2290 Πεπάρηθος
827 2203 1043 2290 Πεπαρήθιος,
1071 2203 1162 2288 Πάρ-

44 2333 105 2394 νης
138 2304 330 2390 Παρνήθιος
358 2306 427 2370 duci
454 2306 510 2388 ait,
547 2305 630 2387 quad
649 2307 807 2388 Bentlejns
834 2307 929 2371 scribi
948 2307 1045 2372 voluit
1065 2308 1160 2370 Arist.

47 2411 129 2476 Aah.
151 2407 227 2476 348.
255 2424 311 2489 pro
343 2397 517 2486 Παρνάσιον
544 2400 724 2489 (ἄνθρακες)
752 2423 833 2470 nunc
861 2413 960 2470 antam
989 2401 1162 2489 Παρνήοιοι

47 2509 232 2590 repositum
255 2512 321 2586 ast3
358 2509 389 2566 at
410 2498 562 2566 παλαίσων
582 2521 705 2585 qnoque
733 2524 752 2569 a
777 2502 903 2589 παλάθη
926 2505 1092 2570 derivatum
1113 2508 1163 2568 vi-

52 2607 155 2672 datur.
202 2606 340 2685 Denique
353 2602 512 2682 ,duplicem
535 2602 672 2682 ejusdam
693 2605 781 2668 vocis
796 2606 905 2668 flexum
923 2597 1163 2685 adnotat'Anot-

51 2709 179 2786 ρννθος
198 2697 406 2786 Ἀμαρύνθιος
417 2697 470 2764 καὶ
487 2694 700 2783 Ἀμοιρύσιοςίῖ
715 2697 757 2778 ὡς
769 2698 984 2786 Τρικορύσιος·
1006 2698 1088 2772 οὕτω
1103 2697 1162 2784 γὰρ

56 2803 263 2875 Παυσανίας·
291 2793 522 2881 ἄναίογώτερον
542 2796 575 2863 δέ
588 2822 640 2883 μοι
660 2801 746 2866 δοκεῖ
764 2797 800 2865 τὸ
821 2797 873 2866 διὰ
892 2804 950 2866 τοῦ
971 2789 999 2881 ο,
1020 2819 1078 2882 pro
1100 2819 1161 2882 quo

54 2898 106 2965 διὰ
132 2904 196 2966 τοῦ
223 2887 252 2965 θ’
277 2900 434 2980 corrigunt
460 2900 561 2981 aptius
588 2901 709 2985 verbis,
737 2909 770 2965 ut
797 2919 877 2966 nnnc
904 2901 1025 2982 quidam
1046 2902 1163 2982 scripta

57 3007 138 3084 sunt,
162 3009 196 3066 at
217 2993 556 3080 analogiaa'ssaavvaos
572 2992 758 3083 Ἀψύνθιος
782 2996 948 3083 Ζήρυοθος
974 2995 1161 3083 Ζηρύοθιος,

57 3097 223 3182 Κόρινθος
243 3099 424 3178 Κορίνθιος,
448 3093 667 3180 Προβοὶίινθος
690 3101 919 3182 Προβαλίνθιος
941 3099 1044 3180 Steph.
1063 3099 1163 3164 sedin

60 3200 126 3264 and.
155 3195 488 3276 Rheissnotiatiaws
515 3196 626 3278 legitur
663 3200 755 3263 utin
783 3199 876 3280 Corp.
904 3199 1000 3263 lnssr.
1026 3197 1063 3261 N.
1095 3197 1162 3262 122.

59 3297 155 3364 Insen.
178 3297 285 3363 Naval.
307 3295 376 3361 552.
405 3296 563 3361 Demosth.
585 3314 611 3361 ο.
631 3298 753 3381 Aphnb.
775 3297 798 3361 l.
820 3298 891 3382 832,
913 3297 941 3362 3.
970 3295 1163 3383 appnobanta

62 3396 285 3462 Cnoerobosao
308 3412 337 3477 p.
358 3394 427 3460 248.
450 3388 493 3470 ὦς
513 3390 575 3458 ἀπὸ
596 3397 654 3459 τοῦ
680 3391 885 3480 Τρικόρινθος
906 3396 981 3476 (sic)
1007 3389 1163 3474 Τρικορύ-

62 3508 142 3571 σιος,
171 3490 256 3559 οὕτω
281 3494 479 3576 Προβαίιθος
501 3495 575 3578 (sic)
599 3496 823 3580 Προβαλίσιος·
850 3491 940 3562 τὸδὲ
964 3491 1164 3580 Προβοὶίνθος

131 3747 176 3814 11)
202 3744 356 3812 Argivorum
380 3757 469 3801 servos
487 3744 629 3813 Γομνῆτας
648 3747 727 3800 atiani
744 3749 912 3813 Γνμνησίοος
930 3746 1013 3800 dictos
1032 3759 1163 3800 ossanna

68 3825 189 3897 Stephani
208 3829 268 3882 loco
288 3841 311 3882 s.
329 3829 394 3886 Χίος
415 3841 505 3896 param
526 3828 716 3897 comprobatur.
749 3827 803 3882 Sed
820 3828 890 3897 apud
906 3827 1065 3883 Herodotum
1083 3827 1164 3883 iidem

70 3907 182 3976 Κίνητες
201 3916 261 3967 suni
277 3917 305 3968 ei
321 3910 458 3975 Κυνὴοιοι.

132 4011 175 4079 12)
191 4012 361 4084 ’Anastasia
374 4012 498 4081 Ἄρτεμις
516 4011 600 4068 Strab.
620 4009 650 4067 Χ.
669 4012 728 4070 ua.
747 4023 825 4079 quan
842 4010 983 4068 Pausanias
998 4011 1166 4080 Ἀμαρυσίαν

71 4101 150 4150 vacat.
