2758 4994
210 277 279 348 296
555 271 880 342 nlssnnunrlo
908 274 956 342 lv.

212 441 409 528 appellativis
426 434 574 516 όιόιιονος
594 445 626 505 et
646 435 760 516 daneon
779 435 801 526 ἢ
820 433 929 516 ἄοινος
955 438 1061 504 lliosc.
1083 438 1197 520 quihm
1219 453 1324 504 causa

212 550 322 608 nostra
350 557 415 604 ιοι
439 541 636 621 contingitur.
685 539 908 604 Feminiuorum
934 554 1027 602 uuum
1053 539 1134 602 inte
1159 538 1226 602 exit
1251 534 1325 602 Τό-

212 661 310 724 ροννα
330 639 416 704 urhis
432 655 561 718 nomeu3
589 639 776 720 appellativa
797 631 922 720 ἀγχόνη,
943 630 1054 719 ae'ocp‘,
1075 631 1187 720 βελόνη
1209 642 1242 702 et
1263 653 1325 700 re-

214 739 317 821 liqua¹
347 737 461 819 protuli
487 737 526 802 ad
546 738 657 802 Buttm.
680 735 809 802 drumm.
831 751 860 818 p.
881 735 950 802 405.
971 736 1084 818 quihus
1105 734 1326 800 adnumeran-

215 839 285 904 dum
313 831 439 918 ιιλειόνη
467 836 533 900 sive
559 830 691 918 πληιόνη
718 835 822 900 Pleias
847 833 932 899 lind,
960 835 1008 899 Fr.
1036 835 1111 898 llll
1138 835 1166 898 si
1194 828 1326 897 antem

216 941 420 1018 propagatum
448 941 513 1017 est,
544 935 645 1000 minus
675 951 750 1002 vero
780 934 822 1016 si,
852 938 886 998 ut
912 932 1045 997 Vossius
1073 933 1254 1012 suspicatur
1285 932 1328 996 ad

215 1039 301 1100 Atat.
321 1033 392 1100 253.
415 1049 433 1094 a
454 1027 575 1096 κλοιόν.
608 1031 648 1096 Et
668 1031 707 1096 de
728 1033 862 1115 propriis
882 1029 1029 1114 Αἰοιόιη,
1047 1025 1221 1114 Ἆνόεμόνη
1241 1031 1329 1094 Dio-

216 1151 283 1216 uus
304 1134 389 1198 hott.
411 1129 433 1195 l.
453 1129 504 1194 49
534 1127 692 1214 Δηριόνη,
719 1127 865 1215 Αειριόνη
884 1132 1020 1214 llloiphr.
1042 1131 1091 1196 lli.
1113 1127 1163 1195 lo.
1185 1123 1327 1212 Μηριό-

216 1253 289 1315 νης,
307 1222 464 1308 Ἠιονεύς,
491 1222 684 1312 Ὀθρυονεύς
704 1229 872 1313 disceptari
892 1237 998 1312 petest
1018 1236 1118 1294 utrum
1138 1243 1327 1310 paragogen

217 1327 401 1410 hisvllaham
426 1327 560 1392 habeant
586 1345 626 1394 an
653 1330 795 1411 subjecta
816 1331 878 1395 sint
898 1329 1103 1394 masculinis
1095 1345 1126 1392 ιι
1145 1349 1210 1402 ον,
1239 1343 1327 1408 qua-

218 1429 260 1494 lia
280 1425 421 1492 similiter
445 1428 616 1494 terminatis
632 1420 758 1511 Ἠϊόνη,
780 1421 944 1512 Ἐρμιόνη,
965 1423 1141 1510 lipparim,
1165 1419 1326 1503 Ἠιονεύς,

219 1522 372 1612 Δηιονεός
393 1525 590 1622 praeced-put.
639 1527 786 1592 Neutrum
810 1527 924 1592 nullum
950 1531 1074 1607 practer
1084 1522 1261 1646 Ἆθμονω.
1284 1559 1327 1570 -

139 1619 145 1644 ‘
220 1627 392 1694 llascullna
418 1629 450 1690 in
477 1647 562 1702 οινος
589 1626 724 1692 excludit
749 1627 966 1708 'theognostus
993 1625 1029 1690 ll.
1052 1623 1102 1691 68.
1129 1620 1169 1690 τὰ
1188 1621 1245 1689 διὰ
1264 1623 1326 1687 τοῦ

219 1749 295 1802 ννος
316 1721 376 1792 οὐκ
404 1719 526 1790 olda
492 1748 551 1809 την
574 1719 626 1789 ded
652 1725 707 1810 τῆς
728 1747 759 1789 οι
776 1747 911 1808 νραφην,
935 1719 1080 1808 Πᾶχινος
1101 1732 1158 1790 etc.
1182 1726 1238 1806 qui
1260 1725 1325 1787 Δι’-

219 1848 327 1902 ιιοινος
354 1833 385 1892 et
405 1821 530 1900 θέοινος
550 1826 654 1892 sciens
672 1825 920 1907 praetermisisse
940 1823 1060 1888 videtur
1079 1830 1113 1888 ut
1132 1825 1325 1906 composita.

218 1927 374 1993 Feminina
394 1933 516 2009 practer
525 1925 660 1990 Δίποινα
680 1924 831 2016 Arcadiae
849 1922 994 2008 oppidem
1009 1923 1069 1988 duo
1084 1929 1165 2006 suut,
1188 1915 1325 2005 όνιιοίνη

221 2027 260 2092 ah
281 2019 387 2109 ἀρκοόν
407 2025 589 2108 productum
611 2031 641 2088 ct
661 2019 787 2106 μενοινή
809 2017 933 2104 ιμένος
953 2023 1057 2104 potius
1079 2039 1169 2103 quam
1192 2039 1212 2086 a
1237 2021 1325 2086 heti-

220 2127 270 2190 cio
293 2120 387 2209 μονή,
414 2122 494 2188 ιιόο
515 2121 708 2186 Herodianus
728 2122 794 2186 llll.
816 2120 887 2204 596,
907 2120 958 2187 38.
985 2120 1060 2186 illud
1081 2122 1128 2187 sic
1149 2120 1246 2186 atah
1268 2114 1325 2200 ὲόή

219 2219 319 2308 thetid
346 2222 590 2304 reduplicationc
616 2220 699 2284 lnah
726 2219 868 2283 extitisse
894 2219 1032 2285 eredidit.
1073 2220 1151 2284 lluic
1171 2218 1324 2284 adhaeret

221 2323 405 2404 adjectivum
425 2315 568 2404 μενοινής
587 2314 751 2401 πρόθυμος
770 2317 843 2382 llcs.
867 2349 905 2364 -
936 2317 1022 2394 Quae
1043 2331 1251 2398 congenerem
1272 2315 1325 2379 di·
1372 2357 1373 2360 ,

221 2421 409 2504 phthongum
430 2422 462 2484 in
482 2419 649 2501 penultima
668 2417 792 2498 hahent,
811 2419 932 2482 ratione
948 2425 1053 2482 carent
1065 2411 1210 2480 Ἐόοῦνοι
1226 2411 1324 2488 ἔθνος

220 2518 306 2584 Suid.
329 2520 494 2601 Καμοῦνοι
515 2534 591 2603 gaus
612 2517 758 2582 Rhaetiac
779 2517 881 2582 Strah.
902 2518 950 2581 lV.
973 2517 1042 2583 206.
1063 2515 1185 2599 (omiss.
1205 2515 1238 2578 ia
1254 2513 1321 2594 Th.)

226 2619 408 2700 Ταυροῦνος
436 2619 545 2682 iuvius
569 2616 689 2680 Arriam
715 2614 779 2678 lud.
809 2631 835 2678 c.
865 2616 913 2679 lV.
941 2611 1106 2699 βιυοόνης
1127 2616 1223 2680 buteo
1245 2614 1321 2678 iles.

222 2717 379 2792 Νεποννός
404 2717 544 2780 Amazon
570 2715 642 2795 Lyc.
658 2709 783 2793 Ἲζοννα
808 2709 829 2798 ἡ
856 2711 1019 2797 βοόστασις
1043 2715 1116 2778 Hes
1141 2708 1321 2794 Περιγούνη

224 2815 359 2882 Sinnidis
380 2817 441 2880 lilia
461 2816 539 2880 Plut.
555 2814 686 2909 Thffl·
701 2816 776 2880 vlll.
793 2815 959 2895 syuthctou
972 2814 1092 2879 videtur
1102 2819 1137 2876 ut
1156 2815 1320 2894 Metopon-

221 2915 276 2988 νίς.
296 2949 338 2962 -
363 2915 525 2978 Nominum
552 2915 584 2978 in
603 2933 680 2987 νιος
706 2915 881 2980 exeuntium
901 2929 1043 2996 magnum
1063 2927 1221 2976 numerum
1242 2928 1321 2976 coe-

220 3011 264 3092 gir
285 3011 478 3078 Herodianus
505 3012 543 3078 de
563 3013 708 3078 Dichrou.
729 3012 798 3079 287.
829 3013 928 3076 llll.
959 3013 1010 3093 qui
1032 3011 1174 3076 omnihus
1194 3011 1321 3092 ppsilou
1371 3063 1372 3073 ,

219 3110 343 3190 longum
371 3111 475 3176 tribuit
497 3119 628 3194 excepto
649 3113 678 3176 si
698 3113 797 3193 sigma
817 3110 983 3193 praecedat
1003 3105 1208 3188 όεσνιόοννος,
1235 3104 1320 3223 θόρ-

219 3221 323 3284 συνος,
344 3209 535 3284 πίσυνος-
495 3233 591 3276 -το
578 3190 664 3275 δὲ
663 3206 801 3293 μόσυνας
820 3203 1016 3291 ἐκτεταμένον
1035 3202 1131 3291 ἔχει’
1113 3205 1175 3273 απὸ
1197 3209 1319 3292 γενικῆς

219 3301 392 3390 γενόμενον,
413 3310 567 3390 genitivos
589 3318 690 3375 autem
712 3309 850 3373 vocalem
871 3308 994 3390 longam
1008 3308 1123 3373 hahere
1143 3303 1317 3388 Φόρκυνος,

222 3399 397 3490 Πόλτννος,
425 3412 513 3490 cujus
534 3410 660 3490 genitivi
681 3409 742 3475 alia
762 3409 862 3472 forma
881 3409 975 3471 utitur
997 3407 1173 3489 Stephanus
1196 3425 1222 3472 s.
1246 3409 1317 3470 Ma-

218 3505 350 3587 σημβρία
376 3541 417 3552 -
447 3508 645 3590 Πολτνμβρόα
671 3499 690 3592 ἦ
720 3501 862 3581 Πόλτυος
885 3501 990 3586 πόλις,
1019 3509 1068 3571 cui
1088 3507 1222 3571 vicinum
1251 3508 1317 3571 sine

220 3602 312 3668 dubio
336 3605 392 3668 luit
415 3600 576 3681 Πόλτννος
596 3602 669 3689 ὅρος
687 3605 803 3670 hnccd.
824 3606 947 3671 Bachm.
972 3608 1005 3670 T.
1026 3607 1049 3672 l.
1071 3605 1141 3671 tle.
1178 3607 1226 3671 Da
1240 3622 1318 3670 ana·-
1370 3651 1371 3683 v

284 3858 312 3928 l)
328 3859 378 3916 l’ro
398 3860 517 3933 ταροόνη
537 3862 637 3920 Arriam
654 3863 718 3920 hiae.
735 3863 835 3934 Erythr.
853 3880 881 3935 p.
893 3859 961 3924 Ι178.
986 3865 1029 3921 vel
1045 3861 1169 3937 ταρπόνη
1194 3865 1315 3920 scriher-

222 3941 282 3996 dum
298 3943 401 4001 videtur
417 3947 510 4003 velta
477 3951 600 4017 ταν,ρπίη
617 3956 754 4019 utrumque
771 3963 787 4004 a
803 3948 900 4020 τόριιη
935 3947 1058 4018 Στορόνη
1076 3947 1147 4017 quod
1166 3948 1226 4003 cod.
1246 3949 1314 4004 llud.

219 4025 329 4093 praehet
344 4027 416 4084 Aret.
435 4030 505 4086 iiiut.
524 4031 545 4086 l.
563 4033 588 4101 2,
606 4033 664 4090 297.
687 4049 773 4103 acque
790 4034 928 4089 obscurum
946 4039 987 4091 est
1002 4039 1032 4088 ut
1049 4031 1210 4101 quodvulpo
1223 4033 1317 4100 legitur

268 4110 343 4176 ρόν.η
377 4113 491 4184 Longius
508 4116 718 4184 productae
653 4121 745 4185 ἱμονίο
729 4122 794 4174 t
767 4118 956 4187 στελμονα
976 4116 1038 4173 alihi
1056 4117 1139 4185 attigi.
