2750 4994
204 244 269 312 tro
547 233 875 301 DISSERTATIO
916 235 962 300 iv

202 417 253 488 28
276 415 388 500 quibus
410 398 560 466 decedunt
578 396 730 484 δρεπάνη,
750 396 893 484 θηγάνη,
915 396 1111 482 σπάργανον,
1134 396 1322 484 φρύγανον,

202 497 364 586 φοίγανον,
384 495 542 586 ηάσαανον
561 497 676 563 herbae
693 501 883 582 persollatae
896 516 1025 580 nomen3
1052 501 1114 564 alia
1134 501 1209 564 nihil
1226 503 1324 565 aliud

204 620 296 690 quarn
316 615 487 667 eonsonam
501 597 597 662 verbo
615 596 748 664 additam
765 599 932 682 remittunt,
953 593 1076 681 δαιιάνη
1090 595 1227 664 adda-cm
1245 601 1322 665 ΕΜ.

203 696 345 772 Eustatlr.
369 698 459 782 1413,
480 695 510 764 8.
542 691 685 779 σααιιάνη
708 696 791 778 quod
816 698 1009 780 posteriores
1030 693 1158 775 τζάταον
1177 701 1320 782 (suppa)

206 803 363 883 dixerunt,
383 793 540 874 αόπανον,
566 790 723 874 τύπανον,
751 795 894 860 δείκανον
920 790 957 860 τὸ
977 796 1118 880 δείκηλον
1138 799 1204 864 ΕΜ.
1225 795 1320 882 πλή-

203 923 304 988 γανον
330 896 479 982 βακτηρία
505 893 569 976 (vel
589 890 749 978 ήαιιτηρία)
777 895 849 961 fles.
875 889 1019 978 πήγανον
1046 894 1093 960 ὅτι
1113 894 1253 980 πήγνυσι
1276 891 1318 962 τὸ

205 994 324 1084 οιιίργα
351 1003 385 1060 ut
412 992 595 1060 Plutarchus
623 993 666 1055 ait
691 993 796 1074 Symp.
823 993 872 1058 lli.
896 995 923 1077 1,
944 994 972 1060 3.
1001 1003 1086 1059 eerte
1114 1013 1133 1060 a
1158 993 1316 1079 τιήγνυμι.

205 1101 290 1180 Quae
318 1112 409 1178 quunr
437 1093 563 1158 vocales
592 1092 677 1156 verbi
697 1092 807 1173 longas
829 1100 954 1157 servent
974 1095 1186 1180 incorruptus,
1220 1103 1317 1160 reete

204 1197 310 1268 Critioi
337 1193 556 1275 Aristophanis
583 1208 710 1274 versus,
737 1191 900 1273 inquibus
922 1185 1118 1276 ἁλετρίβανος
1144 1195 1316 1275 legebatur

204 1298 304 1366 rnedia
332 1294 433 1376 brevi,
464 1309 503 1356 ex
529 1291 603 1354 lieu.
621 1290 665 1353 ita
687 1288 886 1354 emendarunt
912 1296 946 1353 ut
966 1292 1154 1372 producatur
1174 1294 1314 1376 vocalis,

204 1415 294 1484 quam
316 1394 449 1460 norninis
470 1385 601 1469 άλάτριψ
621 1404 715 1452 easus
739 1389 853 1469 obliqui
877 1389 1046 1472 corripiunt
1058 1409 1085 1455 v,
1103 1391 1213 1456 Parall,
1232 1392 1310 1458 292.

202 1515 267 1564 non
286 1501 371 1560 reete
392 1509 466 1556 uero
489 1486 693 1554 Doederlinus
714 1483 852 1569 ρὀκάνη,
860 1487 875 1526 ⁴
908 1491 996 1567 eujus
1018 1489 1116 1570 prima
1136 1491 1314 1573 breuis‚a

202 1591 467 1675 maoropareleeto
495 1582 601 1672 βράκω
629 1584 721 1650 dueit.
769 1586 887 1650 Mutata
912 1586 1015 1650 voeali
1036 1604 1054 1651 a
1073 1582 1155 1650 πὲτω
1177 1585 1311 1670 (πετάν-

201 1695 289 1780 νυμι)
309 1691 450 1758 extitisse
468 1687 588 1751 uidetur
608 1680 730 1768 πατάνη
752 1685 858 1765 patina
879 1689 910 1746 et
931 1681 1013 1764 quod
1035 1686 1148 1750 Siculis
1168 1688 1313 1752 tribuunt

200 1789 319 1882 βοτάνη
344 1787 478 1871 baliola,
506 1779 658 1850 πατάνιον
682 1778 834 1846 λοπάδιον
855 1775 1020 1846 ἐκπέταλον
1047 1777 1143 1846 ταδ’
1125 1805 1310 1849 αναπετττα-

199 1889 295 1980 μίνον
314 1889 419 1956 ΡΙιοι.ὅ
439 1903 457 1950 a
477 1880 599 1950 πλάττοι
619 1888 736 1947 mutata
757 1898 898 1946 oonsona
916 1876 1079 1957 πλαθανος
1105 1890 1136 1947 et
1155 1883 1310 1970 τλαθάνη

200 1987 247 2078 ἐφ’
276 1979 487 2056 άπλάττουσι
510 1990 544 2049 ολ
564 1978 780 2102 πηλοπλάθος,
807 1975 1023 2064 χντροπλάθος
1049 1989 1106 2047 ete.
1134 2000 1154 2046 a
1180 1978 1307 2066 βράττω

200 2085 336 2180 βρατάνη
357 2089 424 2156 sive
445 2076 602 2168 (λατάγη
583 2104 604 2164 η
625 2075 742 2164 τορύνη
759 2081 831 2145 Hes.
848 2080 1038 2144 rutabulmn·
1031 2077 1196 2200 ,τήγαγον
1217 2080 1308 2168 παρὰ

198 2190 236 2259 τὸ
256 2187 339 2276 τηάω
366 2187 432 2252 ΕΜ.
446 2176 581 2298 σταηάγη
603 2175 739 2262 (στάθμη
764 2179 894 2261 stalera)
915 2179 992 2254 ἴσως
1011 2175 1096 2263 παρά
1115 2204 1173 2264 την
1193 2180 1307 2249 στάσιν

199 2292 284 2362 said.
305 2289 366 2353 hoo
388 2290 437 2349 est
458 2276 606 2364 οστήκω,
628 2281 689 2344 nisi
711 2279 811 2361 fallor,
832 2275 912 2342 unde
930 2274 1044 2361 στάχυς
1060 2281 1171 2347 ducere
1189 2284 1306 2348 solent

198 2395 226 2458 ll
247 2387 400 2473 primitivo
423 2399 500 2466 ροιο
524 2375 601 2446 καίοι
625 2384 724 2443 ortum
745 2378 839 2442 habet
854 2372 993 2458 κτέανον
1016 2379 1194 2446 aderivatis
1209 2385 1304 2468 Κορ-

198 2486 279 2574 κάνη
307 2482 328 2572 ἡ
354 2505 470 2568 ταραηη
498 2475 583 2562 παρὰ
607 2473 643 2543 τὸ
668 2479 755 2544 avum
781 2479 847 2542 ΕΜ.
877 2471 998 2561 οὐράνη
1026 2481 1065 2548 ab
1092 2475 1198 2562 οὐρεῖν
1227 2483 1305 2564 (nisi

197 2602 391 2706 peronJmon
420 2582 481 2664 est)
508 2574 648 2664 τρυτάνη
670 2587 701 2643 et
722 2574 897 2662 τρύπανον,
920 2570 1024 2662 Ἰβάνη
1046 2586 1076 2643 el
1092 2575 1221 2664 Ἵβανον
1240 2581 1303 2648 κοί-

197 2690 268 2768 δος,
285 2677 501 2768 άντλητήριον,
518 2673 687 2764 Ἰβανατρίς
708 2676 877 2760 σχοινίον
864 2673 1026 2762 ιμητήριον
1044 2680 1203 2760 Hesyoh.⁰
1244 2684 1302 2748 His

199 2785 358 2910 aptissime
380 2781 604 2863 subjungentur
624 2793 703 2858 quae
725 2777 823 2856 sigma
844 2777 936 2840 futuri
958 2779 1126 2866 continent,
1156 2779 1303 2868 Δαισοίνη

196 2913 217 2974 η
236 2879 367 2966 πτισανη
387 2873 472 2962 παρά
491 2872 527 2941 τὸ
549 2877 719 2942 δαίσασθαι
731 2877 797 2942 ΕΜ.
826 2877 967 2942 απτίσαι
984 2874 1116 2961 πτισάνη
1136 2873 1157 2962 ἡ
1177 2883 1302 2965 τριβαία

196 2983 219 3072 η
239 3010 276 3051 το
263 2981 426 3063 πίτυρον
453 2979 586 3060 cyrillus
615 2978 664 3042 Du
686 2975 780 3056 Cang.
802 2993 828 3039 s.
862 2977 1006 3058 Τριβαία,
1035 2978 1118 3093 quod
1139 2981 1300 3046 oonlirmat

198 3084 301 3152 Sohol
319 3082 447 3146 Theoer.
469 3078 504 3142 li.
521 3076 572 3142 33.
593 3076 763 3158 πίτυρα-
721 3073 807 3138 -ol
824 3066 953 3140 Aeeteos
963 3071 1124 3158 πτισανηυ
1146 3084 1177 3144 et
1188 3086 1299 3144 neutra

196 3184 352 3261 οςιηοοιον,
368 3173 501 3256 ὄψανον,
524 3177 573 3240 eui
595 3181 696 3238 ortum
716 3191 735 3238 a
755 3175 878 3238 nomine
900 3175 1040 3292 assignat
1062 3176 1165 3242 Seirol
1182 3179 1296 3242 Aeselr.

198 3280 333 3362 Choeph.
359 3276 428 3343 529.
454 3271 491 3340 τὸ
516 3278 550 3358 χῖ
571 3269 621 3338 ὅτι
641 3267 704 3337 άπὸ
724 3274 779 3356 τῆς
798 3269 899 3350 ὄψεως
923 3269 1081 3358 παρήγαγε
1106 3269 1143 3339 τὸ
1164 3271 1297 3361 ὄψανον,

192 3438 488 3458 Μ

262 3538 291 3606 η)
318 3531 445 3607 Βροκάνη
467 3532 537 3602 quod
555 3531 720 3588 Herodianus
744 3550 772 3585 n.
790 3535 861 3584 Μον.
886 3548 912 3604 p.
938 3534 979 3590 18.
1001 3535 1059 3590 sine
1084 3537 1297 3604 interpretatione

195 3623 269 3679 ailart
288 3626 372 3674 utrum
389 3617 450 3671 hino
465 3631 497 3671 an
517 3631 550 3672 ex
566 3614 670 3683 βοτάνη
692 3616 819 3672 detortum
838 3618 880 3686 sit,
898 3617 923 3670 in
944 3617 1032 3673 medio
1049 3619 1206 3688 relinquam.

258 3721 287 3790 5)
315 3717 391 3784 Quod
416 3717 488 3772 addit
511 3717 537 3768 οί
554 3715 649 3768 πολλοὶ
672 3716 886 3788 διαστρέφουσιν
909 3715 944 3775 ὡς
968 3715 1127 3788 ρινμαϊκάν,
1150 3718 1184 3773 ud
1203 3720 1295 3774 πατίλ·

160 3841 171 3866 ο
190 3802 249 3862 deor
267 3806 388 3876 pertinet.

257 3905 288 3972 6)
313 3902 397 3970 Vulgo
415 3898 510 3968 ίμονιά
528 3899 630 3966 dieitur,
649 3903 724 3968 eujus
742 3901 765 3954 si
783 3906 883 3956 extaret
900 3902 1057 3970 primitivum
1075 3901 1167 3969 ἱμονὴ,
1185 3882 1295 3962 eandem

193 3989 226 4044 ad
243 3985 327 4056 ίμάνη
347 3986 540 4054 proportionem
559 3981 669 4038 haberet
686 3998 763 4052 quam
783 3982 867 4048 ἡδονή
887 3985 921 4039 ad
945 3982 1067 4054 μηχανή.
1104 3985 1207 4041 Eodem
1231 4003 1294 4056 per-

193 4075 276 4126 tinere
295 4065 524 4122 videntur‘leara
544 4069 653 4135 σχοινία
673 4072 699 4120 el
716 4066 854 4134 Γιμβάναι
873 4066 998 4136 ζεάγιινα.
