2772 4992
28 254 118 319 DE
141 253 238 320 nont
260 254 426 332 QUORUM
439 255 553 322 CHAR.
568 257 644 322 EST
660 259 877 327 GUTTURAL.
901 261 984 325 c.11.
1007 267 1036 335 ς.
1054 259 1083 326 6.
1105 261 1173 329 aad

33 418 158 486 92²⁰
179 422 268 500 cnjus
290 420 418 485 accolae
430 415 558 503 Ὦρικοι
570 421 684 488 diversi
699 423 738 486 ab
751 424 790 486 iis
803 425 856 505 qui
870 423 1013 502 Νωρικολ
1032 425 1173 489 dicontur

30 524 160 582 aeota
180 519 286 582 ultima
308 518 364 582 sed
384 519 471 584 brevi
493 529 654 602 utrumque
675 522 843 604 penultima
864 541 891 586 v.
912 523 998 587 Eust.
1021 523 1059 587 ad
1081 524 1169 588 Dion.

28 617 133 682 321.
186 617 246 682 Pro
265 612 391 698 Ἔρικος
420 622 574 683 succurrit
592 616 722 703 Ὄρικος
750 621 884 700 Scythae
919 638 1032 686 noman
1055 622 1168 686 Herod.

26 717 106 780 IV.
133 718 184 780 77.
208 712 335 796 Βέρικος
354 719 493 782 Britanni
514 719 572 784 Dic
602 720 690 784 Cass,
719 720 780 784 LX.
809 719 858 785 19.
890 720 1010 802 (omiss.
1037 721 1069 784 in
1098 720 1167 802 Th.)

37 810 213 898 Ib'rpcaop
233 815 485 896 andrcnymicum
504 834 664 880 romanum
684 817 796 914 Zosim.
818 817 840 881 l.
861 817 910 882 61.
943 813 1072 899 Τέμικος
1092 819 1167 883 urbs

30 915 175 980 Cretae
196 915 280 979 nulla
306 916 458 998 innotuit,
480 932 538 980 nec
560 917 639 980 satis
661 916 760 980 similo
781 917 901 981 ridetur
920 912 1051 996 Ὦρικος
1078 911 1167 990 πόλις
1269 981 1273 990 ,

32 1009 190 1097 Κρήτης
211 1015 281 1078 Sch.
301 1014 367 1078 Nic.
391 1013 445 1078 Th.
466 1013 535 1080 5tc.
563 1014 682 1079 Pariter
702 1015 835 1097 despero
858 1015 896 1081 de
917 1017 1008 1080 durio
1030 1010 1166 1078 Λακόνι-

32 1135 133 1192 κος,
167 1115 220 1194 qui
245 1114 320 1178 sia
355 1113 482 1176 Lucano
518 1111 633 1195 oppido
667 1113 717 1178 vel
743 1131 762 1178 a
790 1114 988 1193 Lycaonibus
1023 1115 1165 1182 denomi-

32 1218 152 1276 natns
175 1219 271 1292 esset,
291 1211 427 1276 ultimam
448 1218 569 1276 acutam
588 1213 717 1277 haberet
737 1219 770 1276 ut
788 1230 807 1276 a
828 1214 937 1296 Βοῦρα
957 1215 1065 1278 hovius
1084 1215 1164 1276 Βου-

35 1305 179 1392 ραϊκός,
193 1306 355 1384 Ὄλυνθος
371 1303 580 1385 Ὀλυνθιακός
596 1312 705 1376 Athen.
727 1309 935 1377 1111133111.
966 1313 1073 1393 Neque
1081 1312 1163 1377 atiud

37 1411 213 1475 succurrit
236 1426 326 1490 quam
347 1409 544 1484 Λευκυανίας
570 1411 700 1474 dominis
727 1410 825 1474 Elinoi
851 1427 964 1476 nomen
993 1411 1085 1478 Paus.
1114 1413 1163 1478 Vl.

39 1509 106 1587 21,
130 1509 161 1573 4.
185 1512 274 1588 cnjus
294 1525 358 1573 non
378 1509 478 1574 minus
499 1509 576 1572 mira
597 1509 729 1588 species.
767 1501 953 1590 Ἀσφόδικος
980 1513 1048 1576 sine
1069 1512 1161 1577 dubio

41 1617 103 1674 est
135 1608 301 1672 Thebanus
329 1607 383 1672 ille
411 1607 463 1688 qui
490 1607 580 1672 Paus.
610 1607 659 1671 ix.
690 1607 743 1690 18,
771 1608 800 1672 4.
828 1610 860 1672 in
890 1610 976 1675 libris
1005 1612 1161 1676 nonnullis

35 1701 242 1790 Ἀσφόδικος
268 1712 407 1770 vocatur.
450 1706 529 1772 Huic
550 1706 649 1770 simile
670 1723 782 1770 nomen
804 1710 860 1773 sed
883 1716 1013 1773 accentu
1035 1710 1158 1775 diverso

42 1807 196 1888 suggerit
217 1804 409 1870 Herodianus
430 1827 463 1868 π.
484 1808 571 1869 Μον.
593 1823 622 1886 p.
645 1804 694 1868 20.
715 1799 754 1867 cd
773 1804 816 1880 εἰς
835 1789 891 1880 {ab}
911 1803 1046 1892 καθαρὰ,
1068 1803 1160 1872 ὁπότε

40 1901 133 1993 τῷῐ
154 1901 363 1987 παραλύγειαι
383 1898 624 1990 συνεσταλμένοι,
645 1899 713 1986 ἥκοι
739 1902 1003 1988 προπαροξύνεται
1030 1902 1159 1990 ἀνθέρι·
1254 1893 1257 1900 ’

42 2025 118 2084 νιος,
142 2002 288 2081 Κύζικος.
315 1998 360 2067 Τὸ
381 1996 503 2081 ύδικός,
526 1996 728 2086 comodat-oxos
749 1996 889 2080 ὀξύνεται
909 1997 952 2078 ὡς
968 1999 1005 2067 τὸ
1030 2008 1159 2070 πελοπι-

41 2100 107 2178 κός
129 2104 207 2185 (sic)
229 2097 369 2184 προικός.
410 2103 467 2166 Η1ο
488 2104 586 2182 primo
610 2102 759 2183 adspectu
786 2103 860 2165 nihil
888 2103 1079 2184 probabilius
1107 2107 1158 2168 vi-

46 2204 143 2269 detur
172 2219 264 2284 qaam
296 2194 499 2283 ἀοφοᾶελιιιός
531 2200 610 2266 idem
640 2197 822 2281 essequod
857 2200 938 2282 apud
969 2204 1155 2284 Theognost.

45 2298 231 2385 ἀοφόδιιιος
261 2301 414 2366 scribitur.
467 2299 529 2366 Sed
558 2300 741 2365 adversatur
775 2306 945 2380 accentus3
981 2318 1038 2365 nec
1072 2302 1155 2366 credi

46 2407 162 2486 potest
181 2400 387 2467 Herodianum
408 2400 444 2464 de
466 2416 527 2463 uno
550 2399 703 2479 adjectivo
726 2389 839 2472 όὸικός
852 2401 1051 2481 praecepisse
1072 2401 1156 2482 quod

47 2502 89 2566 de
122 2501 265 2564 omnibus
285 2500 376 2564 valet.
412 2499 565 2575 Quocirca
596 2504 756 2577 utrumqne
777 2497 996 2562 emendandum
1010 2506 1083 2579 puto
1098 2495 1155 2564 ἑλι-

46 2596 109 2675 κός
136 2592 155 2663 ὁ
182 2591 368 2681 ἀσφόδελος,
397 2597 480 2680 quod
507 2598 607 2677 praeit
633 2596 806 2677 Hesychius
829 2589 949 2671 Ἑλικός
975 2591 1151 2681 ἀσφόδελος.

46 2700 149 2764 Multa
169 2715 245 2762 vero
265 2699 309 2762 illi
330 2699 361 2763 in
382 2697 559 2779 praeteritis
580 2696 777 2778 reliquerunt,
796 2712 926 2776 quornm
948 2704 1095 2761 accentus
1112 2697 1154 2761 li·

46 2800 178 2864 brorum
200 2804 378 2862 nostrorum
407 2797 465 2861 hde
497 2794 702 2877 periclitatur,
730 2811 789 2858 nec
813 2794 962 2876 prosodia
992 2795 1152 2875 explorate

49 2897 179 2978 cognita
200 2902 258 2978 est,
279 2897 407 2977 primum
429 2895 647 2974 andronrmica
670 2887 828 2969 Παιαϊκός
853 2893 935 2974 (cod.
960 2893 1053 2958 hrch.
1079 2889 1153 2957 Πό-

47 2999 170 3079 ταικος)
191 2994 303 3059 Hcrod.
326 2994 386 3058 vri.
409 2995 477 3060 154.
498 2988 642 3067 Movenda
663 2993 768 3075 Steph.
791 3010 816 3056 S.
837 2993 968 3071 Χαλκίς,
1001 2988 1153 3068 lampenis

48 3099 109 3162 Dio
133 3095 222 3160 Cass.
243 3093 344 3157 ninii.
369 3093 417 3158 16.
441 3091 561 3176 (omiss.
589 3093 622 3154 in
650 3091 717 3172 Th.)
749 3087 937 3173 Θοομελικός
965 3092 1066 3156 Strab.
1088 3092 1149 3156 vii.

48 3195 121 3262 292.
143 3201 206 3258 tum
228 3185 388 3264 Ξανθικός
407 3192 523 3256 mensis
544 3191 762 3256 Macedonicus
782 3210 812 3255 r.
835 3193 936 3257 Stura.
963 3189 1041 3254 Diai.
1062 3189 1151 3255 Alex.

49 3313 79 3376 p.
104 3286 309 3376 19.Τοραός
335 3285 424 3365 πόλις
449 3290 569 3370 Scylac.
591 3308 620 3370 p.
648 3290 697 3354 31.
725 3291 878 3371 Δροπικο1
904 3305 981 3370 gens
1015 3288 1151 3355 Persidis

48 3391 163 3457 Herod.
184 3392 206 3455 1.
229 3390 297 3455 125.
314 3383 453 3464 ’Τλλικός
474 3391 572 3454 amnis
592 3389 683 3452 Paua.
706 3390 742 3454 11.
764 3389 821 3468 32,
844 3390 871 3454 7.
893 3395 924 3453 et
952 3389 1037 3452 urhis
1068 3405 1151 3470 quo-

51 3508 111 3574 qne
125 3506 239 3554 nomen
253 3473 394 3571 Νήρικος
406 3489 437 3552 in
451 3487 539 3553 codd.
550 3488 705 3552 nonnullis
714 3488 807 3553 Thuc.
816 3489 864 3553 111.
874 3488 901 3553 ’1.
918 3494 1077 3566 cxytonon
1092 3494 1150 3570 est,

51 3589 142 3669 vulgo
172 3594 273 3652 autern
302 3595 579 3669 proparcxytcnon
606 3593 639 3650 nt
669 3587 834 3667 Σόνπρικος
860 3587 991 3652 Parthus
1016 3586 1148 3667 hppian.

51 3687 149 3752 Mithr.
179 3701 205 3748 c.
236 3682 612 3769 mompsuestenum
645 3686 723 3750 Plut.
754 3685 879 3761 Quaest.
908 3682 1014 3747 Gracc.
1044 3698 1069 3745 c.
1097 3683 1147 3746 tn.

52 3786 217 3868 Σχολνικος
234 3785 412 3865 Amphiarai
434 3784 540 3863 auriga
562 3782 664 3848 Schol.
685 3782 770 3846 Pind.
785 3783 832 3849 01.
852 3782 900 3846 Vl.
918 3782 967 3847 21.
988 3781 1076 3845 Nunc
1084 3783 1149 3876 Q

54 3893 171 3967 tempus
193 3888 243 3947 est
262 3881 383 3949 dicendi
405 3899 484 3966 quaa
506 3883 547 3947 sit
575 3881 787 3947 femininorum
813 3881 934 3963 regula:
964 3875 1003 3945 ed
1028 3878 1072 3955 εἰς
1098 3901 1150 3962 ιιιη

117 4088 163 4157 bt)
181 4088 317 4157 Onmcnoo
335 4099 396 4143 essa
414 4085 498 4140 votuit
514 4084 689 4152 Goettiingius
707 4083 741 4142 de
759 4081 816 4138 hlc.
834 4081 893 4140 222
