2750 4994
507 900 640 966 chr.
690 901 714 966 l.

142 1155 170 1224 s.
196 1149 223 1214 l.
266 1149 324 1214 Est
351 1149 430 1214 haec
453 1157 563 1213 natura
585 1149 684 1213 omnis
707 1148 744 1214 de
766 1150 929 1215 verborum
952 1149 1069 1216 fabrica
1091 1151 1159 1217 dis-

61 1248 227 1323 putationis
249 1257 283 1312 ut
303 1249 403 1313 lucem
426 1256 457 1314 et
479 1249 623 1312 tenebras
646 1249 776 1314 alternet
799 1267 835 1314 ac
849 1249 1013 1331 legentium
1028 1251 1159 1316 animum

63 1360 97 1406 ex
119 1346 282 1410 intervallo
306 1346 412 1428 fatiget
433 1355 623 1429 recreetque.
668 1349 720 1413 Sic
742 1355 772 1412 et
792 1347 883 1428 hujus
903 1350 1049 1434 regionis,
1070 1367 1161 1431 quam

62 1459 139 1507 nunc
159 1447 314 1510 emensuri
336 1463 458 1531 sumuS,
479 1454 585 1527 partes
608 1446 757 1528 quaedam
778 1447 939 1512 vocabulis
960 1447 1087 1512 horrent
1107 1465 1162 1513 re-

65 1543 184 1608 torridis
212 1551 244 1609 et
271 1545 509 1628 ignorabilibus,
538 1563 617 1626 quae
646 1546 730 1609 taciti
759 1547 848 1625 quasi
868 1547 995 1612 heroum
1017 1548 1161 1629 sepulcra

63 1643 304 1719 praeteribimus.
349 1643 526 1723 Cujusmodi
540 1651 612 1707 sunt
625 1640 775 1726 θάλαμος,
797 1639 937 1726 κέραμος,
959 1641 1087 1728 κύαμος,
1108 1642 1161 1710 κύ-

63 1758 172 1822 pomos
200 1743 268 1806 avis
295 1759 410 1807 nomen
435 1744 520 1806 varie
548 1744 705 1824 scriptum.
747 1743 886 1808 Aliorum
914 1761 989 1808 vero
1013 1744 1162 1826 originem

65 1835 255 1905 Grammatioi
282 1841 484 1922 probabiliter
517 1846 709 1922 conjectant:
743 1836 864 1924 καλάμη
892 1835 954 1906 άπὸ
980 1843 1038 1906 τού
1063 1838 1162 1908 κάλον

63 1939 116 2001 τοῦ
136 1935 233 2016 ξύλου
261 1939 345 2006 Suid.
375 1957 436 2022 quo
469 1941 572 2021 aptius
599 1939 720 2004 ridetur
747 1934 862 2012 καυλός
890 1946 920 2003 οι
942 1940 1032 2003 ablue
1052 1936 1163 2006 Καλλά

64 2034 134 2122 (sic)
154 2033 174 2122 ἡ
195 2035 299 2103 κάννα
319 2035 456 2121 καλάμος
475 2039 608 2118 Hesych.
630 2035 665 2102 ἐκ
684 2039 741 2101 τοῦ
762 2032 864 2101 πλέκω
879 2033 993 2112 πλόκος
1003 2035 1162 2124 πλόκαμος

64 2129 215 2222 ὦςάρχύς
236 2133 369 2220 ὄρχαμος
389 2137 476 2202 Eust.
501 2135 590 2220 1094,
611 2135 661 2201 54.
684 2129 819 2219 ούλομός
844 2117 929 2223 παρά
955 2131 991 2202 τὸ
1018 2137 1092 2204 lidos
1120 2133 1164 2216 ὡς

64 2234 164 2314 ἴουλος
186 2237 292 2304 Sobel.
314 2237 348 2301 ll.
370 2235 433 2301 XX.
458 2235 525 2300 113.
539 2241 581 2298 et
600 2233 689 2299 Phoc.
731 2237 759 2300 Α
787 2236 883 2300 verbo
911 2240 1032 2320 χεῖσθαι
1060 2233 1164 2304 ὅέστι

65 2340 197 2422 χωρῆσαι
224 2337 424 2400 Aristarchus
447 2329 513 2418 χειά
541 2334 710 2399 derivatum
731 2341 820 2416 putat
842 2335 913 2400 Sch.
936 2336 970 2400 11.
992 2336 1082 2404 XXll.
1110 2336 1161 2406 93.

64 2432 129 2500 hinc
150 2437 203 2500 alii
222 2431 365 2518 χειράμός
385 2427 447 2498 άπὸ
467 2433 525 2496 τού
544 2427 610 2515 χειά
630 2433 696 2498 ΕΜ.
717 2435 767 2498 rel
789 2434 872 2517 quod
901 2435 982 2500 idern
1001 2437 1085 2502 ualet
1104 2458 1163 2519 χρ-

66 2531 142 2617 popl
161 2528 248 2620 παρά
267 2527 304 2597 τὸ
323 2537 445 2616 χεῖσθαι
466 2529 518 2596 κοά
537 2535 647 2614 χωρεῖν
675 2532 745 2597 sch.
768 2534 802 2597 ll.
824 2534 901 2600 XXI.
928 2534 998 2602 495.
1018 2535 1086 2600 Nic.
1107 2536 1162 2602 nh.

67 2633 111 2698 55.
131 2636 205 2714 Lyc.
231 2631 299 2698 181:
323 2632 492 2714 eodemque
512 2630 595 2695 ducit
617 2627 709 2713 χηλάς
730 2648 829 2715 capax
851 2633 993 2715 quiddam
1006 2641 1037 2699 et
1055 2651 1163 2700 carum

68 2732 237 2813 significans
260 2739 291 2796 et
310 2726 445 2814 χηλαμός
464 2748 558 2812 rupes
573 2747 745 2794 cavernosa
758 2738 791 2795 ut
804 2733 957 2798 Eustathii
972 2734 1163 2816 temporibus

69 2827 220 2896 dicebatur
237 2849 267 2894 r.
284 2831 333 2894 Du
348 2830 440 2911 Cang.
463 2847 488 2893 s.
511 2829 531 2892 1.
563 2829 701 2894 hltorum
722 2831 820 2895 cistae
841 2849 954 2896 nomeu
970 2839 1019 2896 est
1040 2853 1165 2915 φωρια-

69 2925 129 3009 μός,
150 2929 367 3011 inexplicabile
387 2927 462 2992 illud
489 2929 550 2994 nisi
576 2929 743 3011 accipimus
772 2928 855 3010 quod
875 2930 1048 3010 Hesychius
1077 2930 1166 2994 ollert

69 3025 216 3113 χορκομός
235 3022 257 3112 ἡ
275 3029 363 3111 κίστη
384 3027 521 3092 admissa
541 3029 766 3110 permutatione
787 3028 1095 3093 autistocchorumut
1106 3050 1166 3111 χο-

71 3125 169 3210 dccc
204 3122 344 3213 χαράδρα
377 3120 397 3210 ἡ
427 3122 552 3208 χάραξις
584 3128 643 3190 τοῦ
677 3121 813 3209 ἐδάφους
840 3127 913 3192 Hes.
950 3133 981 3191 ct
1008 3121 1165 3210 (ράροιγξ.1

70 3229 141 3294 Nam
162 3227 246 3312 quod
264 3227 489 3293 Eratosthenes
511 3226 676 3309 proposuit
697 3233 821 3306 etprnou
841 3220 908 3312 ὁτιὴ
934 3222 1013 3289 κύθε
1044 3221 1166 3309 φώριον

71 3322 162 3412 άγρην
184 3327 288 3393 Schol.
308 3328 367 3408 hp.
382 3327 418 3390 ΙΙ.
433 3325 504 3392 802.
520 3325 643 3406 poetice
659 3331 849 3389 commentus
871 3332 929 3410 ost,
949 3341 1049 3406 nequo
1061 3324 1166 3394 retius

72 3427 185 3491 ridetur
213 3425 315 3509 φάρος
341 3425 517 3490 Herodiano
545 3422 708 3504 probatum
738 3424 808 3489 Sch.
837 3423 870 3488 ll.
892 3424 928 3488 Π.
950 3423 1020 3488 242.
1063 3425 1166 3486 Ποτά-

72 3521 124 3606 μός
136 3527 234 3590 Varro
255 3523 288 3588 L.
303 3523 336 3588 L.
348 3523 383 3586 V.
401 3522 447 3588 11.
469 3531 554 3588 recte
576 3531 684 3604 apotu
701 3523 887 3606 appellatum
903 3528 1001 3605 putat,
1023 3520 1080 3586 sed
1093 3522 1166 3604 quia

72 3625 260 3690 substantiva
287 3621 433 3687 tribreria
460 3628 715 3703 proparorrptona
731 3639 804 3686 esse
825 3622 946 3706 solent,
971 3621 1165 3686 Herodianus

73 3741 128 3788 non
149 3742 167 3789 a
186 3718 282 3797 κότος
301 3722 350 3787 rel
368 3715 463 3796 κοτός
484 3721 625 3786 extitisse
646 3719 738 3785 docet
759 3719 815 3786 sed
828 3739 847 3785 a
859 3713 1016 3801 κοτκσμός
1029 3725 1165 3783 retracto

133 3900 159 3968 l)
182 3899 270 3954 Locus
287 3897 359 3952 idem
386 3910 402 3949 a
426 3894 553 3952 Strabone
570 3893 682 3965 Χάραξ,
708 3909 724 3949 a
740 3893 891 3951 Ptolemaeo
909 3887 1010 3960 Φάραξ
1028 3889 1122 3944 dicitur
1140 3905 1165 3943 r.

76 3981 161 4052 lhrr'ge
179 3983 273 4052 Cyrea.
292 3995 319 4048 p.
338 3979 395 4036 202.
414 3983 442 4034 et
459 3984 531 4034 certe
549 3983 735 4047 cognatasnnt
753 3979 821 4048 ἄγχι
839 3977 917 4046 ἀμφί
922 4013 930 4036 ‚
948 3971 1042 4042 ιάχχο
1059 3971 1165 4042 nepot,

78 4065 170 4136 ῥύγχος
187 4065 315 4136 ῥάμφος,
340 4063 452 4134 καχάζω
470 4060 600 4132 καφάζω,
619 4060 745 4132 καχλάζω
763 4057 878 4131 παφλάζ
900 4097 906 4111 .
