2758 4994
223 261 297 334 m
337 261 436 330 utsS.
454 261 492 328 Y.
515 257 569 326 DE
589 255 808 326 nominos
828 253 871 321 tri
891 255 911 339 ὃ
928 251 1187 320 muniretis.
1207 260 1241 330 ς.
1254 253 1283 322 ὃ.

222 437 322 494 toron
343 429 437 496 exuit.
472 423 536 492 Sed
554 419 704 508 ιιὼῦριος
722 421 794 488 irnio
814 421 960 486 convenit
979 427 1107 502 propter
1125 419 1254 484 breues
1269 414 1324 482 ai-

221 531 331 612 λυρος.
365 526 477 594 Cetera
498 523 681 590 oioouteou
702 521 878 602 oonrposito
898 527 987 595 sunt;
1013 513 1137 604 ἀώρως,
1158 513 1326 602 ηανυώρως

223 643 282 714 pro
309 618 455 710 duodo
483 617 619 704 οἰιόριος
645 619 730 686 Piud
758 619 797 684 ob
824 615 899 702 ὄρος
931 613 1057 702 ὁμόριος
1082 620 1150 682 sire
1179 612 1325 699 ὁμούριος

221 720 386 812 μιθόριος,
414 721 498 806 qnod
524 720 625 790 solunr
646 718 819 783 dominatur
845 717 976 800 expulso
1004 712 1153 800 μέθυρος,
1180 715 1239 780 sed
1260 723 1325 778 stu-

226 833 290 890 turn
319 838 409 890 suoru
436 829 562 886 tenuere
586 813 736 900 μέσσορος
756 817 787 880 in
810 816 883 882 deb.
904 815 1024 880 Heraol.
1044 811 1184 898 μέσωρος
1202 822 1237 878 et
1255 829 1325 895 μεσ-

224 919 321 1006 σόρης
340 917 432 1006 μέσος
452 936 502 1002 ep.
524 917 657 998 Hesyutr.
677 911 992 1012 psoodppo-Tireogn
1012 932 1042 996 p.
1062 915 1112 980 tu.
1134 915 1188 978 nbi
1207 909 1326 977 νισσό-

224 1043 281 1106 ρης
301 1020 465 1102 ruigutnnr.
498 1016 691 1082 Positionnrn
711 1037 749 1098 ης
770 1022 801 1078 et
822 1036 857 1088 ος
876 1014 1057 1079 vinissitndo
1078 1013 1187 1078 eadem
1207 1014 1240 1076 in
1262 1013 1326 1075 aliis

225 1139 287 1206 qno
306 1118 498 1201 simplicibus
519 1133 581 1198 qna
602 1115 796 1196 cumpositis,
817 1130 897 1196 qnae
922 1129 1073 1195 persaepe
1103 1111 1252 1192 distingui
1272 1128 1327 1174 ne-

225 1225 356 1304 queunt:
375 1209 519 1300 otiores
537 1221 567 1277 ⁰¹
581 1206 732 1294 ὖληωιόε,
754 1207 872 1294 ὅμηρος
885 1206 1002 1296 totos
1018 1219 1048 1276 er
1066 1206 1230 1294 ivordero
1252 1231 1326 1292 vor

224 1313 282 1402 ιόι
301 1308 493 1412 Quies
510 1307 720 1394 wwuv'wus
738 1311 812 1376 ¹³⁰⁵·
831 1304 960 1394 &uodo
983 1305 1149 1395 uuordo
1171 1305 1327 1392 reviruit

226 1424 306 1484 et-
325 1435 418 1498 ηρης,
446 1427 587 1495 quaeque
613 1410 837 1492 signifioutione
864 1427 927 1475 non
952 1413 1051 1475 nrinus
1073 1427 1164 1492 quunr
1185 1425 1327 1474 nrensura

227 1515 368 1582 diderunt
387 1507 516 1592 muodo
535 1505 716 1592 οιλιιιιιρης,
736 1507 793 1572 sed
810 1511 964 1591 scriptura
977 1509 1068 1574 nrodo
1084 1507 1234 1573 distinete
1250 1502 1326 1572 ooa-

226 1609 278 1700 ρὲς
303 1607 340 1678 τὸ
368 1605 489 1694 ὑδαρόν
507 1611 580 1674 iios.
609 1609 774 1690 inquibus
800 1609 921 1671 veniant
948 1607 1018 1673 libri
1043 1609 1074 1672 in
1096 1607 1185 1672 Alex.
1212 1609 1326 1688 Fragor,

226 1731 257 1800 p.
277 1712 348 1780 tet.
382 1710 449 1776 Vol.
470 1709 520 1774 iti.
541 1723 705 1773 mensurae
726 1706 901 1770 discrimine
923 1706 1016 1791 nniio,
1038 1709 1096 1771 etsi
1117 1708 1237 1770 Moeris
1257 1701 1326 1769 ὑδα-

225 1809 278 1898 ρὲς
304 1811 399 1876 ottioe
425 1808 556 1891 corripi,
589 1806 682 1887 rotgo
703 1804 847 1888 protendi
868 1803 1013 1885 uttirnrut3
1042 1804 1081 1868 ad
1100 1807 1240 1869 ultirnnnr
1262 1821 1326 1869 ero

225 1905 318 2000 ηιρής
344 1907 399 1976 καὶ
424 1901 571 1990 σιιηερός
597 1905 682 1970 Snid.
711 1902 876 1970 Coronidis
901 1902 973 1966 iooo
1002 1902 1143 1984 udjioium
1169 1921 1326 1985 syncopae

227 2017 432 2081 oournrenturn
454 2005 558 2073 Sodroi
578 2004 691 2069 nosen
711 2002 798 2067 Pers.
820 2020 848 2067 v.
870 2001 896 2068 1.
915 1996 987 2065 τάδε
1006 1995 1064 2083 μὲν
1086 2005 1220 2086 Περσῶν
1239 1997 1326 2066 πιστὰ

228 2115 363 2178 καλεῖται
383 2145 425 2158 -
444 2101 533 2180 πόλις
552 2099 614 2167 ἐστὶ
629 2103 760 2186 Περσῶν
776 2101 922 2182 marnoa
941 2095 1125 2183 καλουμένη,
1149 2098 1194 2184 ἢν
1213 2098 1325 2185 συγκό-

227 2219 291 2288 ψας
310 2201 472 2290 dampnis
493 2197 671 2286 Πίσταέφη.
700 2200 858 2266 Sonrnionr
871 2198 932 2263 troo
946 2205 1006 2283 est,
1026 2199 1082 2263 sed
1096 2203 1204 2265 nititur
1217 2203 1324 2266 obser·
1358 2199 1359 2256 i

226 2311 352 2374 votione
381 2304 524 2370 liuentiue
545 2300 723 2384 popularis,
757 2315 819 2380 qno
844 2298 969 2362 nonrina
996 2301 1271 2381 peregrinareris
1298 2305 1325 2363 et
1358 2269 1359 2328 ¹

227 2405 435 2490 nrultiptioiter
455 2400 681 2482 interpolantur
708 2413 776 2462 onor
804 2396 865 2461 ulio
893 2402 955 2461 tunr
977 2399 1068 2462 etienr
1089 2413 1170 2480 qnae
1193 2399 1232 2463 ad
1252 2400 1325 2462 hono
1358 2341 1359 2429 ¹

228 2505 473 2574 terminationem
501 2499 670 2581 portinent:
704 2490 835 2578 Κυάρης
861 2512 919 2576 pro
945 2492 1112 2580 Κυαξάρης
1138 2515 1166 2561 r.
1198 2498 1325 2562 Sotrnei.

115 2599 119 2610 '
228 2603 336 2672 detrin.
363 2600 403 2668 od
428 2601 512 2680 toyo.
540 2616 569 2681 p.
592 2595 660 2663 194.
688 2591 846 2676 Κοτύωρα
871 2588 960 2670 πόλις
978 2588 999 2678 ἡ
1020 2596 1084 2659 νῦν
1101 2591 1189 2680 παρὰ
1207 2601 1325 2670 πολλοῖς

228 2699 367 2784 Kdropo
386 2691 533 2782 tnyoplop
554 2694 639 2762 Snid.
658 2713 688 2759 r.
708 2695 840 2758 Bissert.
861 2693 897 2758 ss.
919 2710 945 2758 o.
968 2693 996 2760 6.
1019 2702 1049 2769 s.
1072 2693 1101 2760 3.
1145 2696 1247 2772 Quane
1267 2713 1324 2759 non

226 2801 354 2869 muitum
381 2797 532 2864 dissentio
561 2795 600 2860 ub
628 2794 860 2860 enarratoriirns
881 2793 980 2876 Festi,
1009 2789 1171 2876 καλάσιρες
1199 2795 1322 2859 celassis

228 2907 259 2967 et
288 2899 421 2965 retussis
449 2895 529 2962 idern
553 2910 666 2959 nornen
695 2909 768 2956 esse
794 2893 1011 2958 statuentibus.
1043 2894 1077 2957 ln
1096 2893 1209 2958 Paruit.
1230 2913 1261 2975 p.
1280 2893 1322 2957 ot.

227 2999 315 3080 attigi
336 3013 448 3062 nomen
468 3001 667 3060 monstruose
686 2992 874 3055 imnrinntum
897 2992 1030 3074 Περίηρς
1050 2988 1085 3056 ἐκ
1102 2993 1161 3056 τοῦ
1175 2988 1322 3081 περιήρης,

228 3096 312 3180 quod
332 3092 583 3163 Schneidewinns
603 3092 635 3154 in
657 3090 794 3170 Conjeot.
816 3108 845 3172 p.
868 3087 897 3154 9.
919 3090 1048 3154 affirmet
1070 3108 1150 3154 arno
1165 3080 1230 3155 non
1247 3097 1321 3156 recte

228 3197 276 3263 sio
305 3197 453 3278 seriptum
481 3207 554 3256 esse
582 3189 710 3269 etipse
741 3190 878 3253 tortasse
904 3205 967 3252 non
998 3190 1047 3253 sio
1072 3190 1213 3254 seribere
1238 3189 1321 3269 solui,

228 3311 298 3360 nuru
319 3295 456 3376 ignotum
477 3296 541 3372 est,
573 3282 727 3370 Περιήρης
755 3288 967 3367 notissimum
1000 3291 1159 3370 ceteroqui
1186 3287 1321 3372 περιὴρης

227 3409 292 3456 non
319 3390 454 3456 deterius
477 3394 527 3454 est
547 3405 637 3469 quum
659 3379 820 3468 ἀμφήρης,
849 3393 880 3450 et
900 3403 998 3468 nuper
1019 3387 1159 3452 dubitare
1181 3391 1271 3470 ooepi
1290 3403 1321 3450 no

228 3490 358 3556 Alcman
377 3487 485 3573 περίηρ
504 3488 625 3554 tinxerit
644 3485 785 3566 exemplo
799 3485 946 3550 honerioi
960 3481 1083 3570 ἐρίηρες,
1107 3489 1156 3550 oni
1172 3488 1321 3552 drumna-

230 3589 283 3652 tioi
312 3593 428 3652 reoturo
461 3581 546 3669 ἐρίηρ
580 3585 756 3667 assignant,
790 3584 909 3648 librarii
929 3592 1029 3651 autern
1056 3593 1180 3650 veteres
1210 3586 1321 3669 περίηρς

229 3685 454 3769 substituerint,
476 3689 564 3768 cujus
586 3692 617 3750 et
638 3684 737 3747 iornra
757 3683 898 3748 insolens
921 3691 951 3749 et
973 3691 1120 3750 aooentus
1143 3685 1252 3750 dubius
1273 3689 1320 3750 est.

639 3893 912 3905 ——ffl—
