2750 4994
209 263 281 334 206
551 258 888 328 ’ΒΙΒΕΕΗΤΔΤΙΟ
923 259 972 326 lV.

209 426 344 498 nominis
365 443 429 493 uon
449 425 591 492 norimus
612 426 668 492 sed
691 428 922 511 proportionem
944 428 1145 509 sequentibus
1167 431 1333 515 Αἰσχῖνος

212 525 407 596 scribendum
428 527 486 591 crit
506 531 540 591 ut
555 527 718 604 Καλλῖνος,
739 525 819 590 unde
841 525 1009 591 derivatum
1024 525 1213 615 Αλοχινοῖδης
1238 535 1332 616 apud

210 626 450 709 Aristophanem
468 625 536 688 iota
558 625 683 705 longum
704 624 796 688 habet
817 631 850 687 ut
866 620 1050 707 Χαρινάδης.
1080 627 1187 710 Neque
1212 640 1330 698 tamen

213 724 415 792 dissimulabo
442 723 619 788 Aeschines
645 725 677 786 in
707 723 840 786 Terentii
866 723 1015 805 Adelphis
1050 724 1165 792 habere
1201 730 1333 812 dactyli

214 841 405 906 mensuram,
433 827 464 887 et
490 837 547 903 pro
575 822 628 886 illo
658 821 840 886 hleiuehium
867 823 899 886 in
927 823 1010 886 Com.
1035 823 1152 904 Fragor
1173 828 1226 894 IV.
1249 832 1329 896 542.

216 915 570 1002 scribereAlcpvvddpe.
604 920 680 984 illud
707 936 857 984 excusare
880 922 987 986 nescio
1009 923 1068 986 nisi
1089 923 1237 992 licentiae
1262 947 1332 993 no-

213 1022 305 1106 mine,
325 1037 386 1104 qun
406 1019 534 1085 Plautus
554 1020 586 1083 in
606 1019 781 1084 nominibus
798 1017 982 1084 Graecorum
1003 1023 1138 1103 propriis
1161 1041 1330 1110 persaepe

212 1138 291 1186 usus
318 1125 376 1184 cst.
395 1117 533 1182 Alterum
561 1117 701 1200 probabo
729 1117 757 1180 si
784 1118 853 1196 quis
881 1120 1051 1200 exemplum
1077 1122 1168 1203 hujus
1196 1127 1330 1192 formae

214 1218 422 1301 suggesserit,
447 1208 620 1298 Ἀμννάὃης
639 1217 690 1280 uel
710 1216 817 1280 simile
840 1217 912 1280 llihi
933 1217 1052 1299 quidem
1078 1222 1204 1286 verba
1193 1243 1230 1290 rn
1252 1250 1328 1290 υνω

215 1318 360 1384 exeuntia
380 1315 527 1380 memoria
435 1315 715 1411 —repeteuth
745 1315 859 1380 nullum
884 1315 990 1380 incidit
1016 1333 1128 1384 nomen
1154 1327 1325 1405 proprium

212 1420 245 1482 in
266 1437 342 1491 ννος
267 1401 412 1481 -uel
431 1415 549 1498 ννοιδης
575 1415 767 1480 declinatum
804 1414 858 1479 llis
886 1414 1057 1496 explanatis
1085 1418 1124 1482 ad
1153 1419 1326 1488 Gramma-

215 1518 307 1582 ticum
328 1531 376 1578 me
397 1515 514 1598 relero,
541 1518 629 1595 cnjus
657 1513 787 1577 verba
778 1531 809 1578 m
838 1515 987 1596 principio
1016 1514 1106 1595 hujus
1127 1523 1325 1604 paragraphi

214 1614 363 1699 apposui,
383 1629 464 1677 nunc
485 1627 559 1676 vcro
581 1611 730 1692 reliquum
751 1629 923 1678 sermonem
945 1614 1092 1678 evolvam.

188 1777 193 1788 ,
296 1721 325 1790 s.
348 1712 377 1778 3.
420 1699 475 1777 llle
494 1711 587 1791 igitur
608 1709 738 1774 ethnicis
752 1713 947 1794 propriisque
963 1711 1098 1778 adnectit
1109 1716 1242 1795 primum
1258 1718 1323 1783 ad-

209 1813 328 1896 jectiva
347 1811 490 1892 subjecto
513 1809 654 1890 exemplo
675 1810 767 1874 unico
789 1817 821 1874 et
838 1811 945 1891 inepto
965 1809 1092 1894 ῥηγῖνος
1111 1810 1256 1896 discip,
1281 1817 1322 1881 do

214 1931 276 1998 quo
297 1911 504 1992 Rhegiuorum
526 1908 695 1990 opprobrio
719 1907 836 1972 erudite
857 1908 1003 1975 disseruit
1023 1913 1155 1976 Ebertus
1184 1915 1219 1978 in
1238 1917 1321 1980 Dis-

214 2019 289 2080 sert.
310 2009 404 2078 Sicul.
425 2025 455 2091 p.
478 2005 545 2074 189.
567 2005 623 2072 sed
642 2007 743 2070 minus
764 2014 849 2072 recte
870 2007 1003 2074 defendit
1022 2011 1176 2092 vulgatum
1193 2011 1321 2096 ῥιγῐνος

213 2122 358 2196 tauquam
380 2127 399 2174 a
418 2105 515 2189 (ipsiu
535 2106 717 2187 proiectum.
757 2105 835 2170 hlud
844 2123 918 2172 vero
931 2125 994 2173 non
1012 2111 1109 2190 magis
1127 2110 1317 2191 adjectivum

213 2219 263 2280 est
284 2228 375 2296 quam
394 2199 561 2284 Αἰξωνεύς,
584 2205 611 2270 si
632 2221 689 2286 pro
713 2205 931 2270 calumniatore
953 2207 1080 2292 dicitur,
1101 2209 1150 2273 vel
1168 2204 1317 2295 Ἀβδηρι-

211 2333 275 2395 epp,
298 2312 326 2376 si
347 2326 404 2393 pro
426 2305 521 2372 stulto
543 2321 571 2368 v.
593 2303 749 2368 liuhuhen.
770 2302 810 2367 ud
832 2304 905 2370 Tim.
929 2325 957 2389 p.
980 2307 1027 2373 15.
1056 2309 1211 2389 Deinceps
1234 2310 1317 2374 sub·-

213 2409 362 2475 stautira:
389 2403 503 2490 ἐχῖνος,
524 2405 696 2496 pelecinos,
724 2419 803 2483 quae
834 2420 897 2468 non
925 2405 1061 2484 ejusdcm
1085 2412 1156 2471 suut
1176 2410 1316 2491 generis,

214 2507 270 2573 sed
286 2503 360 2572 illud
382 2508 616 2584 ensentium,
646 2501 729 2582 quod
758 2517 856 2582 genus
884 2519 1056 2569 sermonem
1087 2511 1315 2573 nostrumnon

214 2604 365 2684 contingit
385 2604 446 2668 nisi
467 2606 619 2683 quatenus
641 2617 660 2663 a
682 2598 893 2666 Grammaticis
913 2603 1079 2668 immixtum
1100 2608 1159 2685 est,
1181 2603 1314 2668 alterum

212 2717 402 2789 paragogum
431 2699 641 2782 exemplorum
672 2714 799 2763 numero
828 2701 968 2765 maximo
1009 2701 1056 2766 Ex
1076 2709 1208 2783 utroque
1232 2719 1314 2767 oon-

212 2803 285 2868 lluta
306 2805 378 2866 sunt
398 2800 523 2864 nomina
543 2795 730 2879 aquatilium
752 2795 789 2860 de
810 2798 921 2918 quibus
948 2798 992 2863 illi
1022 2800 1185 2882 explanate
1206 2801 1312 2866 disse-

212 2906 300 2966 mot:
327 2893 375 2962 Τὰ
394 2884 522 2972 eie*-
457 2919 523 2972 ινος
542 2889 662 2978 μακρὸν
680 2890 839 2977 ἔχοντα
807 2917 843 2959 το
865 2921 876 2960 ι
896 2894 955 2961 ὅσοι
981 2893 1015 2962 ἐν
1041 2894 1131 2962 ὕδατι
1159 2899 1312 2964 διαιτᾶται

212 2997 488 3081 προνερισκοῖνικι,
508 2992 573 3079 lgm
573 3017 624 3076 ος
651 2999 832 3075 κορακῖνος,
860 2996 1002 3079 φοξῖνος,
1031 3001 1193 3080 κοιρκῖνος
1220 2995 1312 3082 ἐχρῆν

212 3091 293 3164 κατὰ
318 3092 355 3162 τὸ
386 3096 469 3179 (cod.
495 3091 617 3178 καὶτὸ)
644 3098 770 3176 pupinus
789 3092 1098 3178 mpomsptomdobot‘
1083 3091 1234 3180 ομικρὸς
1252 3094 1312 3182 βά-

212 3217 330 3281 τραχος.
362 3190 492 3260 mmm
510 3191 545 3259 db
563 3190 603 3260 τὰ
622 3187 771 3271 ὀξὺιονοι,
798 3188 898 3274 ἕρινός
924 3189 942 3258 ὅ
971 3191 1085 3277 ἐρινεός
1110 3193 1163 3260 καὶ
1188 3194 1313 3280 χαλινός

212 3293 324 3362 arcad.
345 3291 395 3378 65,
417 3293 465 3360 14.
495 3294 615 3358 Nomen
643 3296 789 3374 κοιριιῖνος
810 3311 829 3356 a
848 3294 982 3359 uouutllis
1011 3295 1057 3360 sic
1078 3313 1151 3360 asse
1171 3315 1311 3379 pronun-

213 3393 325 3458 ciatum
346 3398 379 3456 ut
398 3387 505 3475 ἐχῖνος,
528 3392 657 3475 plurima
678 3398 749 3456 suut
770 3392 802 3455 in
822 3391 909 3458 libris
929 3395 1048 3458 nostris
1074 3395 1207 3475 vestigia
1230 3397 1310 3460 The-

214 3493 300 3575 opnr.
322 3491 412 3556 hans.
433 3492 468 3557 ll.
493 3492 548 3575 17,
573 3490 601 3558 9.
622 3490 740 3554 helian.
763 3490 799 3555 H.
819 3491 897 3556 hun.
918 3491 940 3556 1.
960 3491 1009 3556 35.
1033 3491 1137 3558 Galen.
1158 3493 1197 3557 dc
1220 3495 1310 3560 Tem·

212 3608 277 3674 per.
298 3591 333 3656 ll.
356 3589 385 3674 6,
407 3590 455 3655 72.
479 3590 562 3654 Sext.
584 3605 610 3654 c.
631 3589 747 3654 Astrol.
770 3606 799 3670 p.
820 3589 889 3654 340.
918 3595 949 3654 et
970 3590 1129 3655 confirmat
1158 3593 1310 3673 flagitiosa

214 3690 377 3771 originatio
399 3681 462 3751 oieb
491 3689 547 3750 rod
567 3683 603 3751 τὸ
623 3683 704 3771 κάρα
730 3691 826 3749 κινεῖν
853 3687 919 3752 ΕΜ.
948 3690 1029 3753 sicut
1055 3694 1221 3771 κορακῖνος
1251 3684 1308 3755 ἀπὸ

211 3789 269 3853 τοῦ
291 3781 347 3863 τοῖς
364 3782 461 3870 κόρας
480 3789 579 3849 κινεῖν
598 3786 668 3850 hth.
689 3785 751 3849 iil.
772 3783 842 3851 287.
862 3785 896 3850 Β.
936 3786 998 3851 sed
1018 3788 1225 3853 Herodianum
1252 3792 1308 3855 hu-

207 3889 261 3966 jus
289 3887 404 3951 erroris
430 3885 611 3968 participem
633 3884 730 3948 luisse
751 3881 878 3948 credere
898 3886 987 3950 nelos
996 3904 1125 3969 ,neque
1145 3890 1215 3972 ipso
1238 3906 1308 3972 per-

211 3985 303 4050 mittit
323 4005 354 4049 ιι.
375 3987 461 4049 Μον.
482 4000 512 4065 p.
534 3981 584 4065 20,
604 3981 635 4049 8.
658 3976 751 4047 οὐδὲν
770 3968 900 4058 εἰς-
838 4003 894 4057 νος
920 3979 1061 4067 λῆγον*
1042 3981 1121 4070 νπὲρ
1148 3984 1208 4054 δύο
1235 3992 1307 4053 συλ-

211 4077 307 4165 λαβὰς
324 4084 369 4170 cpi
390 4106 402 4146 ι
385 4070 648 4167 οννεσιαλμενω
668 4075 924 4164 κοιραληγόμενον
942 4079 1149 4165 ιιοροξιῖνοιαι
1166 4083 1264 4153 ἀλλ”
1243 4109 1308 4172 ητοι
