<?xml version="1.0" encoding="UTF-8"?>
<!DOCTYPE html PUBLIC "-//W3C//DTD XHTML 1.0 Transitional//EN"
    "http://www.w3.org/TR/xhtml1/DTD/xhtml1-transitional.dtd">
<html xmlns="http://www.w3.org/1999/xhtml" xml:lang="en" lang="en">
 <head>
  <title>
</title>
<meta http-equiv="Content-Type" content="text/html;charset=utf-8" />
  <meta name='ocr-system' content='tesseract 3.04.00' />
  <meta name='ocr-capabilities' content='ocr_page ocr_carea ocr_par ocr_line ocrx_word'/>
</head>
<body>
  <div class='ocr_page' id='page_1' title='image "./pathologiaeserm01lobegoog_0370.png"; bbox 0 0 2772 4992; ppageno 0'>
   <div class='ocr_carea' id='block_1_1' title="bbox 34 295 1152 376">
    <p class='ocr_par' dir='ltr' id='par_1_1' title="bbox 34 295 1152 376">
     <span class='ocr_line' id='line_1_1' title="bbox 34 295 1152 376; baseline 0.004 -12"><span class='ocrx_word' id='word_1_1' title='bbox 34 299 102 364; x_wconf 90' lang='lat' dir='ltr'><strong>DE</strong></span> <span class='ocrx_word' id='word_1_2' title='bbox 131 296 242 364; x_wconf 89' lang='grc' dir='ltr'><strong>ΝΟΜ.</strong></span> <span class='ocrx_word' id='word_1_3' title='bbox 266 295 431 373; x_wconf 83' lang='lat' dir='ltr'><strong>QUORUM</strong></span> <span class='ocrx_word' id='word_1_4' title='bbox 452 296 566 362; x_wconf 67' lang='lat' dir='ltr'><strong>culn.</strong></span> <span class='ocrx_word' id='word_1_5' title='bbox 582 295 660 363; x_wconf 81' lang='lat' dir='ltr'><strong>EST</strong></span> <span class='ocrx_word' id='word_1_6' title='bbox 673 297 879 365; x_wconf 77' lang='lat' dir='ltr'><strong>DENTALIS.</strong></span> <span class='ocrx_word' id='word_1_7' title='bbox 903 299 935 367; x_wconf 88' lang='lat' dir='ltr'><strong>C.</strong></span> <span class='ocrx_word' id='word_1_8' title='bbox 948 300 969 366; x_wconf 91' lang='grc' dir='ltr'><strong>Ι.</strong></span> <span class='ocrx_word' id='word_1_9' title='bbox 985 299 1052 376; x_wconf 76' lang='lat'><strong>§.2</strong></span> <span class='ocrx_word' id='word_1_10' title='bbox 1082 300 1152 369; x_wconf 77' lang='lat' dir='ltr'><strong>att</strong></span> 
     </span>
    </p>
   </div>
   <div class='ocr_carea' id='block_1_2' title="bbox 11 453 1150 3514">
    <p class='ocr_par' dir='ltr' id='par_1_2' title="bbox 11 453 1150 3514">
     <span class='ocr_line' id='line_1_2' title="bbox 11 453 1150 548; baseline 0 -18"><span class='ocrx_word' id='word_1_11' title='bbox 11 483 108 548; x_wconf 84' lang='lat' dir='ltr'><strong>quae</strong></span> <span class='ocrx_word' id='word_1_12' title='bbox 126 462 295 529; x_wconf 89' lang='lat' dir='ltr'><strong>Arcadius</strong></span> <span class='ocrx_word' id='word_1_13' title='bbox 318 463 405 527; x_wconf 82' lang='lat' dir='ltr'><strong>affert</strong></span> <span class='ocrx_word' id='word_1_14' title='bbox 427 462 549 527; x_wconf 86' lang='lat' dir='ltr'><strong>diversa</strong></span> <span class='ocrx_word' id='word_1_15' title='bbox 569 463 745 528; x_wconf 85' lang='lat' dir='ltr'><strong>immiscens</strong></span> <span class='ocrx_word' id='word_1_16' title='bbox 766 482 795 546; x_wconf 90' lang='lat' dir='ltr'><strong>p.</strong></span> <span class='ocrx_word' id='word_1_17' title='bbox 809 464 858 529; x_wconf 89' lang='grc'><strong>48.</strong></span> <span class='ocrx_word' id='word_1_18' title='bbox 871 460 910 528; x_wconf 62' lang='lat' dir='ltr'><strong>aa</strong></span> <span class='ocrx_word' id='word_1_19' title='bbox 929 465 972 540; x_wconf 81' lang='grc' dir='ltr'><strong>εἰς</strong></span> <span class='ocrx_word' id='word_1_20' title='bbox 992 453 1150 548; x_wconf 51' lang='lat' dir='ltr'><strong>dcccdccc</strong></span> 
     </span>
     <span class='ocr_line' id='line_1_3' title="bbox 11 557 1147 651; baseline 0 -25"><span class='ocrx_word' id='word_1_21' title='bbox 11 565 136 651; x_wconf 80' lang='grc' dir='ltr'><strong><em>μακρᾷ</em></strong></span> <span class='ocrx_word' id='word_1_22' title='bbox 162 558 408 646; x_wconf 73' lang='grc' dir='ltr'><strong><em>παραληγόμενα</em></strong></span> <span class='ocrx_word' id='word_1_23' title='bbox 422 558 529 643; x_wconf 82' lang='grc' dir='ltr'><strong>Ικύρια</strong></span> <span class='ocrx_word' id='word_1_24' title='bbox 548 559 828 646; x_wconf 77' lang='grc' dir='ltr'><strong><em>προπαροξύνεται,</em></strong></span> <span class='ocrx_word' id='word_1_25' title='bbox 841 557 981 642; x_wconf 54' lang='lat' dir='ltr'><strong>Mardos,</strong></span> <span class='ocrx_word' id='word_1_26' title='bbox 995 559 1147 643; x_wconf 83' lang='grc' dir='ltr'><strong><em>Ἕνοιόος,</em></strong></span> 
     </span>
     <span class='ocr_line' id='line_1_4' title="bbox 11 655 1148 749; baseline -0.001 -23"><span class='ocrx_word' id='word_1_27' title='bbox 11 664 175 746; x_wconf 80' lang='grc' dir='ltr'><strong><em>Εἴηδος·</em></strong></span> <span class='ocrx_word' id='word_1_28' title='bbox 201 656 237 726; x_wconf 85' lang='grc' dir='ltr'><strong>τὸ</strong></span> <span class='ocrx_word' id='word_1_29' title='bbox 257 656 363 735; x_wconf 63' lang='lat' dir='ltr'><strong>doctis</strong></span> <span class='ocrx_word' id='word_1_30' title='bbox 383 657 540 724; x_wconf 77' lang='grc' dir='ltr'><strong><em>ἐπίθετον·</em></strong></span> <span class='ocrx_word' id='word_1_31' title='bbox 560 655 596 723; x_wconf 86' lang='grc' dir='ltr'><strong>τὸ</strong></span> <span class='ocrx_word' id='word_1_32' title='bbox 617 656 650 724; x_wconf 78' lang='grc' dir='ltr'><strong>δὲ</strong></span> <span class='ocrx_word' id='word_1_33' title='bbox 667 660 804 735; x_wconf 77' lang='grc' dir='ltr'><strong><em>κίναιδος</em></strong></span> <span class='ocrx_word' id='word_1_34' title='bbox 824 658 1088 746; x_wconf 75' lang='grc' dir='ltr'><strong><em>προπαροξύνεται</em></strong></span> <span class='ocrx_word' id='word_1_35' title='bbox 1104 672 1148 749; x_wconf 72' lang='grc' dir='ltr'><strong>τῷ</strong></span> 
     </span>
     <span class='ocr_line' id='line_1_5' title="bbox 11 753 1148 849; baseline 0.001 -24"><span class='ocrx_word' id='word_1_36' title='bbox 11 759 108 849; x_wconf 77' lang='grc' dir='ltr'><strong><em>λόγῳ</em></strong></span> <span class='ocrx_word' id='word_1_37' title='bbox 148 761 215 844; x_wconf 76' lang='grc' dir='ltr'><strong>τῆς</strong></span> <span class='ocrx_word' id='word_1_38' title='bbox 245 756 427 834; x_wconf 67' lang='lat' dir='ltr'><strong>eradicans.</strong></span> <span class='ocrx_word' id='word_1_39' title='bbox 469 759 584 824; x_wconf 88' lang='lat' dir='ltr'><strong>Herum</strong></span> <span class='ocrx_word' id='word_1_40' title='bbox 610 761 738 840; x_wconf 89' lang='lat' dir='ltr'><strong>primum</strong></span> <span class='ocrx_word' id='word_1_41' title='bbox 766 761 798 824; x_wconf 96' lang='lat' dir='ltr'><strong>in</strong></span> <span class='ocrx_word' id='word_1_42' title='bbox 816 753 951 843; x_wconf 78' lang='grc' dir='ltr'><strong><em>’Ἀβοόος</em></strong></span> <span class='ocrx_word' id='word_1_43' title='bbox 973 761 1148 826; x_wconf 92' lang='lat' dir='ltr'><strong>mutandum</strong></span> 
     </span>
     <span class='ocr_line' id='line_1_6' title="bbox 12 857 1147 943; baseline -0.003 -17"><span class='ocrx_word' id='word_1_44' title='bbox 12 881 97 927; x_wconf 93' lang='lat' dir='ltr'><strong>esse</strong></span> <span class='ocrx_word' id='word_1_45' title='bbox 132 867 277 943; x_wconf 87' lang='lat' dir='ltr'><strong>apparet</strong></span> <span class='ocrx_word' id='word_1_46' title='bbox 306 877 344 924; x_wconf 86' lang='lat' dir='ltr'><strong>ex</strong></span> <span class='ocrx_word' id='word_1_47' title='bbox 363 859 550 940; x_wconf 86' lang='lat' dir='ltr'><strong>Epimcrista</strong></span> <span class='ocrx_word' id='word_1_48' title='bbox 570 858 668 922; x_wconf 84' lang='lat' dir='ltr'><strong>Cram.</strong></span> <span class='ocrx_word' id='word_1_49' title='bbox 689 859 711 923; x_wconf 91' lang='lat'><strong>1.</strong></span> <span class='ocrx_word' id='word_1_50' title='bbox 733 857 783 923; x_wconf 82' lang='lat'><strong>56.</strong></span> <span class='ocrx_word' id='word_1_51' title='bbox 799 858 824 898; x_wconf 87' lang='lat'><strong>¹²</strong></span> <span class='ocrx_word' id='word_1_52' title='bbox 850 859 1017 923; x_wconf 89' lang='lat' dir='ltr'><strong>seeundum</strong></span> <span class='ocrx_word' id='word_1_53' title='bbox 1039 859 1147 924; x_wconf 87' lang='lat' dir='ltr'><strong>eodem</strong></span> 
     </span>
     <span class='ocr_line' id='line_1_7' title="bbox 11 943 1148 1041; baseline -0.002 -17"><span class='ocrx_word' id='word_1_54' title='bbox 11 968 167 1025; x_wconf 85' lang='lat' dir='ltr'><strong>auctore</strong></span> <span class='ocrx_word' id='word_1_55' title='bbox 202 959 234 1029; x_wconf 85' lang='lat' dir='ltr'><strong>in</strong></span> <span class='ocrx_word' id='word_1_56' title='bbox 246 955 394 1039; x_wconf 77' lang='grc' dir='ltr'><strong><em>’Όροιόος</em></strong></span> <span class='ocrx_word' id='word_1_57' title='bbox 413 950 550 1038; x_wconf 87' lang='grc' dir='ltr'><strong><em>ποταμός</em></strong></span> <span class='ocrx_word' id='word_1_58' title='bbox 571 954 741 1040; x_wconf 76' lang='grc' dir='ltr'><strong><em>(βασιλεύς)</em></strong></span> <span class='ocrx_word' id='word_1_59' title='bbox 765 943 806 1020; x_wconf 76' lang='grc' dir='ltr'><strong>οὗ</strong></span> <span class='ocrx_word' id='word_1_60' title='bbox 826 953 974 1041; x_wconf 75' lang='grc' dir='ltr'><strong><em>μέμνηται</em></strong></span> <span class='ocrx_word' id='word_1_61' title='bbox 997 958 1148 1022; x_wconf 79' lang='grc' dir='ltr'><strong><em>Θουκυδί-</em></strong></span> 
     </span>
     <span class='ocr_line' id='line_1_8' title="bbox 13 1052 1148 1144; baseline -0.004 -19"><span class='ocrx_word' id='word_1_62' title='bbox 13 1061 93 1144; x_wconf 83' lang='grc' dir='ltr'><strong><em>δης,</em></strong></span> <span class='ocrx_word' id='word_1_63' title='bbox 127 1076 200 1141; x_wconf 88' lang='lat' dir='ltr'><strong>pro</strong></span> <span class='ocrx_word' id='word_1_64' title='bbox 223 1058 313 1121; x_wconf 91' lang='lat' dir='ltr'><strong>tertio</strong></span> <span class='ocrx_word' id='word_1_65' title='bbox 335 1056 453 1140; x_wconf 81' lang='grc' dir='ltr'><strong><em>Εληόος</em></strong></span> <span class='ocrx_word' id='word_1_66' title='bbox 478 1055 552 1119; x_wconf 94' lang='lat' dir='ltr'><strong>nibil</strong></span> <span class='ocrx_word' id='word_1_67' title='bbox 580 1056 681 1119; x_wconf 88' lang='lat' dir='ltr'><strong>anime</strong></span> <span class='ocrx_word' id='word_1_68' title='bbox 710 1057 844 1119; x_wconf 85' lang='lat' dir='ltr'><strong>occurrit</strong></span> <span class='ocrx_word' id='word_1_69' title='bbox 871 1063 995 1138; x_wconf 91' lang='lat' dir='ltr'><strong>praeter</strong></span> <span class='ocrx_word' id='word_1_70' title='bbox 1006 1052 1148 1140; x_wconf 81' lang='grc' dir='ltr'><strong><em>Ἴστηδος</em></strong></span> 
     </span>
     <span class='ocr_line' id='line_1_9' title="bbox 11 1151 1147 1241; baseline -0.004 -18"><span class='ocrx_word' id='word_1_71' title='bbox 11 1161 34 1223; x_wconf 92' lang='lat' dir='ltr'><strong>i.</strong></span> <span class='ocrx_word' id='word_1_72' title='bbox 52 1177 85 1241; x_wconf 90' lang='lat' dir='ltr'><strong>q.</strong></span> <span class='ocrx_word' id='word_1_73' title='bbox 108 1151 284 1240; x_wconf 82' lang='grc' dir='ltr'><strong><em>Ἰσσηδόν,</em></strong></span> <span class='ocrx_word' id='word_1_74' title='bbox 306 1155 388 1237; x_wconf 84' lang='lat' dir='ltr'><strong>quod</strong></span> <span class='ocrx_word' id='word_1_75' title='bbox 406 1153 487 1237; x_wconf 89' lang='lat' dir='ltr'><strong>apud</strong></span> <span class='ocrx_word' id='word_1_76' title='bbox 509 1156 652 1218; x_wconf 86' lang='lat' dir='ltr'><strong>Tzetzam</strong></span> <span class='ocrx_word' id='word_1_77' title='bbox 674 1159 833 1233; x_wconf 82' lang='lat' dir='ltr'><strong>exytonon</strong></span> <span class='ocrx_word' id='word_1_78' title='bbox 855 1162 904 1219; x_wconf 91' lang='lat' dir='ltr'><strong>est</strong></span> <span class='ocrx_word' id='word_1_79' title='bbox 923 1161 1032 1220; x_wconf 88' lang='lat' dir='ltr'><strong>centra</strong></span> <span class='ocrx_word' id='word_1_80' title='bbox 1052 1172 1147 1236; x_wconf 79' lang='lat' dir='ltr'><strong>regu-</strong></span> 
     </span>
     <span class='ocr_line' id='line_1_10' title="bbox 15 1246 1147 1336; baseline -0.004 -13"><span class='ocrx_word' id='word_1_81' title='bbox 15 1261 82 1324; x_wconf 87' lang='lat' dir='ltr'><strong>lam</strong></span> <span class='ocrx_word' id='word_1_82' title='bbox 106 1257 207 1320; x_wconf 88' lang='lat' dir='ltr'><strong>illam</strong></span> <span class='ocrx_word' id='word_1_83' title='bbox 228 1256 302 1319; x_wconf 93' lang='lat' dir='ltr'><strong>item</strong></span> <span class='ocrx_word' id='word_1_84' title='bbox 323 1247 538 1335; x_wconf 79' lang='grc' dir='ltr'><strong><em>ολΜιμνηόός</em></strong></span> <span class='ocrx_word' id='word_1_85' title='bbox 559 1246 646 1325; x_wconf 81' lang='grc' dir='ltr'><strong><em>πόλις</em></strong></span> <span class='ocrx_word' id='word_1_86' title='bbox 668 1252 773 1332; x_wconf 86' lang='lat' dir='ltr'><strong>Stepb.</strong></span> <span class='ocrx_word' id='word_1_87' title='bbox 794 1251 918 1318; x_wconf 83' lang='lat' dir='ltr'><strong>Omissa</strong></span> <span class='ocrx_word' id='word_1_88' title='bbox 938 1261 1009 1318; x_wconf 92' lang='lat' dir='ltr'><strong>sunt</strong></span> <span class='ocrx_word' id='word_1_89' title='bbox 1023 1249 1147 1336; x_wconf 85' lang='grc' dir='ltr'><strong><em>Ναβόν-</em></strong></span> 
     </span>
     <span class='ocr_line' id='line_1_11' title="bbox 14 1349 1146 1440; baseline 0 -21"><span class='ocrx_word' id='word_1_90' title='bbox 14 1356 123 1440; x_wconf 79' lang='grc' dir='ltr'><strong><em>οηδος</em></strong></span> <span class='ocrx_word' id='word_1_91' title='bbox 156 1370 271 1434; x_wconf 80' lang='lat' dir='ltr'><strong>regum</strong></span> <span class='ocrx_word' id='word_1_92' title='bbox 298 1352 538 1433; x_wconf 75' lang='lat' dir='ltr'>Babyloniorum</span> <span class='ocrx_word' id='word_1_93' title='bbox 566 1349 688 1414; x_wconf 88' lang='lat' dir='ltr'><strong>ultimus</strong></span> <span class='ocrx_word' id='word_1_94' title='bbox 709 1349 834 1432; x_wconf 87' lang='lat' dir='ltr'><strong>Jesepb.</strong></span> <span class='ocrx_word' id='word_1_95' title='bbox 863 1369 889 1417; x_wconf 89' lang='lat' dir='ltr'><strong>e.</strong></span> <span class='ocrx_word' id='word_1_96' title='bbox 915 1354 1026 1434; x_wconf 77' lang='lat' dir='ltr'><strong>Apion.</strong></span> <span class='ocrx_word' id='word_1_97' title='bbox 1050 1353 1071 1418; x_wconf 92' lang='grc' dir='ltr'><strong>Ι.</strong></span> <span class='ocrx_word' id='word_1_98' title='bbox 1096 1353 1146 1420; x_wconf 94' lang='grc'><strong>20.</strong></span> 
     </span>
     <span class='ocr_line' id='line_1_12' title="bbox 19 1442 1146 1534; baseline -0.002 -14"><span class='ocrx_word' id='word_1_99' title='bbox 19 1463 52 1520; x_wconf 92' lang='lat' dir='ltr'><strong>et</strong></span> <span class='ocrx_word' id='word_1_100' title='bbox 79 1461 260 1534; x_wconf 79' lang='lat' dir='ltr'><strong>oxytonon</strong></span> <span class='ocrx_word' id='word_1_101' title='bbox 288 1447 405 1534; x_wconf 75' lang='grc' dir='ltr'><strong><em>ὀπηδός</em></strong></span> <span class='ocrx_word' id='word_1_102' title='bbox 425 1450 491 1514; x_wconf 86' lang='lat' dir='ltr'><strong>sive</strong></span> <span class='ocrx_word' id='word_1_103' title='bbox 522 1442 639 1524; x_wconf 84' lang='grc' dir='ltr'><strong><em>όπαόός</em></strong></span> <span class='ocrx_word' id='word_1_104' title='bbox 664 1445 748 1531; x_wconf 80' lang='grc' dir='ltr'><strong><em>παρὰ</em></strong></span> <span class='ocrx_word' id='word_1_105' title='bbox 774 1449 810 1514; x_wconf 84' lang='grc' dir='ltr'><strong>τὸ</strong></span> <span class='ocrx_word' id='word_1_106' title='bbox 834 1447 915 1530; x_wconf 71' lang='lat' dir='ltr'><strong>ine,</strong></span> <span class='ocrx_word' id='word_1_107' title='bbox 951 1445 1054 1530; x_wconf 78' lang='grc' dir='ltr'><strong><em>ὀπάζοι</em></strong></span> <span class='ocrx_word' id='word_1_108' title='bbox 1080 1453 1146 1518; x_wconf 83' lang='grc' dir='ltr'><strong>ΕΜ.</strong></span> 
     </span>
     <span class='ocr_line' id='line_1_13' title="bbox 18 1547 1146 1638; baseline -0.004 -19"><span class='ocrx_word' id='word_1_109' title='bbox 18 1553 179 1638; x_wconf 83' lang='grc'><strong>627,10.</strong></span> <span class='ocrx_word' id='word_1_110' title='bbox 234 1551 389 1615; x_wconf 87' lang='lat' dir='ltr'><strong>Feminina</strong></span> <span class='ocrx_word' id='word_1_111' title='bbox 417 1549 533 1630; x_wconf 89' lang='lat' dir='ltr'><strong>primae</strong></span> <span class='ocrx_word' id='word_1_112' title='bbox 562 1547 792 1633; x_wconf 82' lang='lat' dir='ltr'><strong>declinationis,</strong></span> <span class='ocrx_word' id='word_1_113' title='bbox 827 1551 917 1631; x_wconf 89' lang='lat' dir='ltr'><strong>quale</strong></span> <span class='ocrx_word' id='word_1_114' title='bbox 945 1558 994 1616; x_wconf 94' lang='lat' dir='ltr'><strong>est</strong></span> <span class='ocrx_word' id='word_1_115' title='bbox 1021 1547 1146 1635; x_wconf 79' lang='grc' dir='ltr'><strong><em>Σεηήδη</em></strong></span> 
     </span>
     <span class='ocr_line' id='line_1_14' title="bbox 22 1647 1146 1733; baseline -0.001 -16"><span class='ocrx_word' id='word_1_116' title='bbox 22 1655 92 1718; x_wconf 85' lang='lat' dir='ltr'><strong>sive</strong></span> <span class='ocrx_word' id='word_1_117' title='bbox 123 1649 252 1733; x_wconf 78' lang='grc' dir='ltr'><strong><em>Σεμλόη</em></strong></span> <span class='ocrx_word' id='word_1_118' title='bbox 277 1649 362 1714; x_wconf 90' lang='lat' dir='ltr'><strong>urbis</strong></span> <span class='ocrx_word' id='word_1_119' title='bbox 383 1647 521 1712; x_wconf 88' lang='lat' dir='ltr'><strong>lberieae</strong></span> <span class='ocrx_word' id='word_1_120' title='bbox 547 1663 659 1711; x_wconf 90' lang='lat' dir='ltr'><strong>nomen</strong></span> <span class='ocrx_word' id='word_1_121' title='bbox 687 1665 715 1711; x_wconf 89' lang='lat' dir='ltr'><strong>v.</strong></span> <span class='ocrx_word' id='word_1_122' title='bbox 740 1649 986 1730; x_wconf 82' lang='lat' dir='ltr'><strong>Sebueigbaues.</strong></span> <span class='ocrx_word' id='word_1_123' title='bbox 1017 1650 1056 1715; x_wconf 90' lang='lat' dir='ltr'><strong>ad</strong></span> <span class='ocrx_word' id='word_1_124' title='bbox 1076 1654 1146 1732; x_wconf 77' lang='lat' dir='ltr'><strong>Ap-</strong></span> 
     </span>
     <span class='ocr_line' id='line_1_15' title="bbox 22 1736 1146 1834; baseline -0.002 -20"><span class='ocrx_word' id='word_1_125' title='bbox 22 1753 108 1834; x_wconf 79' lang='lat' dir='ltr'><strong>pian.</strong></span> <span class='ocrx_word' id='word_1_126' title='bbox 134 1751 234 1832; x_wconf 89' lang='lat' dir='ltr'><strong>llisp.</strong></span> <span class='ocrx_word' id='word_1_127' title='bbox 258 1765 284 1812; x_wconf 89' lang='grc' dir='ltr'><strong>ο.</strong></span> <span class='ocrx_word' id='word_1_128' title='bbox 304 1748 354 1813; x_wconf 90' lang='grc'><strong>44.</strong></span> <span class='ocrx_word' id='word_1_129' title='bbox 376 1746 460 1809; x_wconf 94' lang='lat' dir='ltr'><strong>nulla</strong></span> <span class='ocrx_word' id='word_1_130' title='bbox 479 1746 683 1809; x_wconf 82' lang='lat' dir='ltr'><strong>inveniuntur.</strong></span> <span class='ocrx_word' id='word_1_131' title='bbox 733 1747 778 1810; x_wconf 90' lang='lat' dir='ltr'><strong>De</strong></span> <span class='ocrx_word' id='word_1_132' title='bbox 806 1750 980 1812; x_wconf 83' lang='lat' dir='ltr'><strong>nominibus</strong></span> <span class='ocrx_word' id='word_1_133' title='bbox 1007 1751 1039 1812; x_wconf 94' lang='lat' dir='ltr'><strong>in</strong></span> <span class='ocrx_word' id='word_1_134' title='bbox 1057 1736 1146 1832; x_wconf 69' lang='grc' dir='ltr'><strong><em>ηόιῖν</em></strong></span> 
     </span>
     <span class='ocr_line' id='line_1_16' title="bbox 26 1842 1145 1931; baseline -0.001 -17"><span class='ocrx_word' id='word_1_135' title='bbox 26 1850 147 1914; x_wconf 85' lang='lat' dir='ltr'><strong>dictum</strong></span> <span class='ocrx_word' id='word_1_136' title='bbox 174 1855 228 1913; x_wconf 89' lang='lat' dir='ltr'><strong>est</strong></span> <span class='ocrx_word' id='word_1_137' title='bbox 250 1845 288 1910; x_wconf 94' lang='lat' dir='ltr'><strong>ad</strong></span> <span class='ocrx_word' id='word_1_138' title='bbox 309 1846 356 1925; x_wconf 63' lang='grc' dir='ltr'><strong>ΑΙ.</strong></span> <span class='ocrx_word' id='word_1_139' title='bbox 379 1861 408 1925; x_wconf 89' lang='lat' dir='ltr'><strong>p.</strong></span> <span class='ocrx_word' id='word_1_140' title='bbox 429 1842 500 1908; x_wconf 89' lang='grc'><strong>404.</strong></span> <span class='ocrx_word' id='word_1_141' title='bbox 524 1850 554 1906; x_wconf 91' lang='lat' dir='ltr'><strong>et</strong></span> <span class='ocrx_word' id='word_1_142' title='bbox 576 1843 614 1907; x_wconf 92' lang='lat' dir='ltr'><strong>ad</strong></span> <span class='ocrx_word' id='word_1_143' title='bbox 634 1844 745 1910; x_wconf 90' lang='lat' dir='ltr'><strong>Buttm.</strong></span> <span class='ocrx_word' id='word_1_144' title='bbox 764 1846 834 1911; x_wconf 89' lang='grc'><strong>407.</strong></span> <span class='ocrx_word' id='word_1_145' title='bbox 856 1844 1021 1931; x_wconf 83' lang='grc' dir='ltr'><strong><em>Μηλιήόης</em></strong></span> <span class='ocrx_word' id='word_1_146' title='bbox 1036 1856 1066 1912; x_wconf 92' lang='lat' dir='ltr'><strong>et</strong></span> <span class='ocrx_word' id='word_1_147' title='bbox 1084 1848 1145 1913; x_wconf 91' lang='lat' dir='ltr'><strong>alia</strong></span> 
     </span>
     <span class='ocr_line' id='line_1_17' title="bbox 25 1941 1143 2029; baseline 0.001 -19"><span class='ocrx_word' id='word_1_148' title='bbox 25 1966 108 2029; x_wconf 87' lang='lat' dir='ltr'><strong>quae</strong></span> <span class='ocrx_word' id='word_1_149' title='bbox 145 1954 279 2012; x_wconf 87' lang='lat' dir='ltr'><strong>veteres</strong></span> <span class='ocrx_word' id='word_1_150' title='bbox 313 1945 345 2006; x_wconf 94' lang='lat' dir='ltr'><strong>in</strong></span> <span class='ocrx_word' id='word_1_151' title='bbox 378 1941 569 2022; x_wconf 81' lang='lat' dir='ltr'><strong>simplicibus</strong></span> <span class='ocrx_word' id='word_1_152' title='bbox 596 1943 731 2006; x_wconf 82' lang='lat' dir='ltr'><strong>referunt</strong></span> <span class='ocrx_word' id='word_1_153' title='bbox 758 1944 821 2009; x_wconf 83' lang='lat' dir='ltr'><strong>llll.</strong></span> <span class='ocrx_word' id='word_1_154' title='bbox 847 1946 923 2029; x_wconf 88' lang='grc'><strong>577,</strong></span> <span class='ocrx_word' id='word_1_155' title='bbox 949 1946 997 2012; x_wconf 90' lang='grc'><strong>30.</strong></span> <span class='ocrx_word' id='word_1_156' title='bbox 1027 1948 1143 2011; x_wconf 85' lang='lat' dir='ltr'><strong>rectius</strong></span> 
     </span>
     <span class='ocr_line' id='line_1_18' title="bbox 27 2040 1144 2128; baseline -0.002 -18"><span class='ocrx_word' id='word_1_157' title='bbox 27 2064 110 2111; x_wconf 93' lang='lat' dir='ltr'><strong>nunc</strong></span> <span class='ocrx_word' id='word_1_158' title='bbox 134 2045 319 2126; x_wconf 82' lang='lat' dir='ltr'><strong>composita</strong></span> <span class='ocrx_word' id='word_1_159' title='bbox 342 2041 570 2121; x_wconf 82' lang='lat' dir='ltr'><strong>existimantur,</strong></span> <span class='ocrx_word' id='word_1_160' title='bbox 590 2041 622 2104; x_wconf 95' lang='lat' dir='ltr'><strong>in</strong></span> <span class='ocrx_word' id='word_1_161' title='bbox 644 2040 716 2106; x_wconf 84' lang='lat' dir='ltr'><strong>daz.</strong></span> <span class='ocrx_word' id='word_1_162' title='bbox 729 2042 840 2123; x_wconf 86' lang='lat' dir='ltr'><strong>Ecpbr.</strong></span> <span class='ocrx_word' id='word_1_163' title='bbox 860 2044 895 2108; x_wconf 93' lang='lat' dir='ltr'><strong>ll.</strong></span> <span class='ocrx_word' id='word_1_164' title='bbox 919 2043 986 2110; x_wconf 82' lang='lat'><strong>162.</strong></span> <span class='ocrx_word' id='word_1_165' title='bbox 1005 2067 1144 2128; x_wconf 84' lang='grc' dir='ltr'><strong><em>καναχη-</em></strong></span> 
     </span>
     <span class='ocr_line' id='line_1_19' title="bbox 28 2135 1142 2226; baseline 0 -17"><span class='ocrx_word' id='word_1_166' title='bbox 28 2140 97 2219; x_wconf 76' lang='grc' dir='ltr'><strong><em>δέος</em></strong></span> <span class='ocrx_word' id='word_1_167' title='bbox 119 2140 335 2224; x_wconf 75' lang='grc' dir='ltr'><strong><em>ἀνθερεῶνος,</em></strong></span> <span class='ocrx_word' id='word_1_168' title='bbox 357 2155 415 2220; x_wconf 85' lang='lat' dir='ltr'><strong>pre</strong></span> <span class='ocrx_word' id='word_1_169' title='bbox 431 2149 492 2219; x_wconf 86' lang='lat' dir='ltr'><strong>quo</strong></span> <span class='ocrx_word' id='word_1_170' title='bbox 509 2140 595 2220; x_wconf 88' lang='lat' dir='ltr'><strong>prius</strong></span> <span class='ocrx_word' id='word_1_171' title='bbox 608 2135 797 2222; x_wconf 77' lang='grc' dir='ltr'><strong><em>καναχὴόεος</em></strong></span> <span class='ocrx_word' id='word_1_172' title='bbox 815 2142 998 2223; x_wconf 82' lang='lat' dir='ltr'>vulgabatur</span> <span class='ocrx_word' id='word_1_173' title='bbox 1021 2146 1142 2226; x_wconf 77' lang='lat' dir='ltr'><strong>(omiss.</strong></span> 
     </span>
     <span class='ocr_line' id='line_1_20' title="bbox 30 2234 1144 2326; baseline 0.001 -20"><span class='ocrx_word' id='word_1_174' title='bbox 30 2245 60 2308; x_wconf 92' lang='lat' dir='ltr'><strong>in</strong></span> <span class='ocrx_word' id='word_1_175' title='bbox 83 2245 156 2326; x_wconf 83' lang='lat' dir='ltr'><strong>Tb.)</strong></span> <span class='ocrx_word' id='word_1_176' title='bbox 181 2242 290 2307; x_wconf 89' lang='lat' dir='ltr'><strong>dubito</strong></span> <span class='ocrx_word' id='word_1_177' title='bbox 313 2256 353 2304; x_wconf 92' lang='lat' dir='ltr'><strong>an</strong></span> <span class='ocrx_word' id='word_1_178' title='bbox 372 2234 567 2320; x_wconf 82' lang='grc' dir='ltr'><strong><em>καναχόόεος</em></strong></span> <span class='ocrx_word' id='word_1_179' title='bbox 587 2238 781 2303; x_wconf 85' lang='lat' dir='ltr'><strong>scribendum</strong></span> <span class='ocrx_word' id='word_1_180' title='bbox 802 2241 851 2304; x_wconf 91' lang='lat' dir='ltr'><strong>sit.</strong></span> <span class='ocrx_word' id='word_1_181' title='bbox 885 2240 1016 2306; x_wconf 85' lang='lat' dir='ltr'><strong>Nomina</strong></span> <span class='ocrx_word' id='word_1_182' title='bbox 1035 2243 1144 2307; x_wconf 86' lang='lat' dir='ltr'><strong>duvio-</strong></span> 
     </span>
     <span class='ocr_line' id='line_1_21' title="bbox 30 2331 1143 2422; baseline 0 -18"><span class='ocrx_word' id='word_1_183' title='bbox 30 2359 96 2406; x_wconf 87' lang='lat' dir='ltr'><strong>rum</strong></span> <span class='ocrx_word' id='word_1_184' title='bbox 117 2344 308 2422; x_wconf 82' lang='lat' dir='ltr'><strong>urbiumque</strong></span> <span class='ocrx_word' id='word_1_185' title='bbox 329 2332 481 2418; x_wconf 77' lang='grc' dir='ltr'><strong><em>Αὕφιδος,</em></strong></span> <span class='ocrx_word' id='word_1_186' title='bbox 493 2331 647 2418; x_wconf 57' lang='lat' dir='ltr'><strong>myctica,</strong></span> <span class='ocrx_word' id='word_1_187' title='bbox 670 2335 809 2420; x_wconf 80' lang='grc' dir='ltr'><strong><em>Νόμιδος</em></strong></span> <span class='ocrx_word' id='word_1_188' title='bbox 830 2339 930 2404; x_wconf 80' lang='lat' dir='ltr'><strong>Silub.</strong></span> <span class='ocrx_word' id='word_1_189' title='bbox 954 2340 1059 2422; x_wconf 81' lang='lat' dir='ltr'><strong>Steph.</strong></span> <span class='ocrx_word' id='word_1_190' title='bbox 1079 2344 1143 2404; x_wconf 89' lang='grc' dir='ltr'><strong>Λο-</strong></span> 
     </span>
     <span class='ocr_line' id='line_1_22' title="bbox 33 2429 1143 2524; baseline 0.002 -23"><span class='ocrx_word' id='word_1_191' title='bbox 33 2437 137 2520; x_wconf 83' lang='grc' dir='ltr'><strong><em>ηνιδός</em></strong></span> <span class='ocrx_word' id='word_1_192' title='bbox 173 2435 267 2512; x_wconf 84' lang='grc' dir='ltr'><strong><em>πόλις</em></strong></span> <span class='ocrx_word' id='word_1_193' title='bbox 289 2431 437 2517; x_wconf 85' lang='grc' dir='ltr'><strong><em>Ἰλλυρίας</em></strong></span> <span class='ocrx_word' id='word_1_194' title='bbox 463 2429 628 2516; x_wconf 70' lang='grc' dir='ltr'><strong><em>ἀρσενικῶς</em></strong></span> <span class='ocrx_word' id='word_1_195' title='bbox 654 2430 798 2519; x_wconf 76' lang='grc' dir='ltr'><strong><em>λεγομένη</em></strong></span> <span class='ocrx_word' id='word_1_196' title='bbox 827 2437 932 2519; x_wconf 85' lang='lat' dir='ltr'><strong>Steph.</strong></span> <span class='ocrx_word' id='word_1_197' title='bbox 961 2432 981 2522; x_wconf 79' lang='grc' dir='ltr'><strong><em>ἡ</em></strong></span> <span class='ocrx_word' id='word_1_198' title='bbox 1007 2433 1143 2524; x_wconf 81' lang='grc' dir='ltr'><strong><em>Ἀχριόός</em></strong></span> 
     </span>
     <span class='ocr_line' id='line_1_23' title="bbox 35 2535 1141 2617; baseline 0.005 -18"><span class='ocrx_word' id='word_1_199' title='bbox 35 2538 190 2604; x_wconf 83' lang='lat' dir='ltr'><strong>Thraciae</strong></span> <span class='ocrx_word' id='word_1_200' title='bbox 213 2536 289 2600; x_wconf 91' lang='lat' dir='ltr'><strong>urbs</strong></span> <span class='ocrx_word' id='word_1_201' title='bbox 309 2535 422 2616; x_wconf 80' lang='lat' dir='ltr'><strong>deerg,</strong></span> <span class='ocrx_word' id='word_1_202' title='bbox 445 2535 591 2616; x_wconf 80' lang='lat' dir='ltr'><strong>ncropol</strong></span> <span class='ocrx_word' id='word_1_203' title='bbox 612 2536 721 2601; x_wconf 77' lang='lat' dir='ltr'><strong>Annal.</strong></span> <span class='ocrx_word' id='word_1_204' title='bbox 743 2552 769 2600; x_wconf 91' lang='lat' dir='ltr'><strong>e.</strong></span> <span class='ocrx_word' id='word_1_205' title='bbox 791 2535 840 2602; x_wconf 86' lang='grc'><strong>43.</strong></span> <span class='ocrx_word' id='word_1_206' title='bbox 862 2554 891 2617; x_wconf 87' lang='lat' dir='ltr'><strong>p.</strong></span> <span class='ocrx_word' id='word_1_207' title='bbox 913 2535 963 2602; x_wconf 88' lang='grc'><strong>39.</strong></span> <span class='ocrx_word' id='word_1_208' title='bbox 984 2539 1020 2605; x_wconf 90' lang='lat' dir='ltr'><strong>D.</strong></span> <span class='ocrx_word' id='word_1_209' title='bbox 1044 2556 1069 2604; x_wconf 90' lang='lat' dir='ltr'><strong>e.</strong></span> <span class='ocrx_word' id='word_1_210' title='bbox 1091 2541 1141 2604; x_wconf 90' lang='grc'><strong>54.</strong></span> 
     </span>
     <span class='ocr_line' id='line_1_24' title="bbox 36 2634 1142 2721; baseline 0 -19"><span class='ocrx_word' id='word_1_211' title='bbox 36 2653 63 2716; x_wconf 84' lang='lat' dir='ltr'><strong>p.</strong></span> <span class='ocrx_word' id='word_1_212' title='bbox 84 2636 135 2702; x_wconf 82' lang='lat'><strong>58.</strong></span> <span class='ocrx_word' id='word_1_213' title='bbox 160 2637 195 2702; x_wconf 88' lang='lat' dir='ltr'><strong>C.</strong></span> <span class='ocrx_word' id='word_1_214' title='bbox 217 2635 378 2716; x_wconf 77' lang='lat' dir='ltr'><strong>llynnides</strong></span> <span class='ocrx_word' id='word_1_215' title='bbox 401 2634 509 2697; x_wconf 84' lang='lat' dir='ltr'><strong>Cariae</strong></span> <span class='ocrx_word' id='word_1_216' title='bbox 529 2634 605 2699; x_wconf 92' lang='lat' dir='ltr'><strong>Plin.</strong></span> <span class='ocrx_word' id='word_1_217' title='bbox 626 2635 661 2700; x_wconf 83' lang='lat' dir='ltr'><strong>V.</strong></span> <span class='ocrx_word' id='word_1_218' title='bbox 677 2634 727 2700; x_wconf 86' lang='grc'><strong>29.</strong></span> <span class='ocrx_word' id='word_1_219' title='bbox 747 2635 924 2716; x_wconf 87' lang='lat' dir='ltr'><strong>speciminis</strong></span> <span class='ocrx_word' id='word_1_220' title='bbox 943 2635 1013 2699; x_wconf 87' lang='lat' dir='ltr'><strong>leco</strong></span> <span class='ocrx_word' id='word_1_221' title='bbox 1037 2637 1142 2721; x_wconf 64' lang='lat' dir='ltr'><strong>altere</strong></span> 
     </span>
     <span class='ocr_line' id='line_1_25' title="bbox 36 2726 1142 2816; baseline 0.005 -21"><span class='ocrx_word' id='word_1_222' title='bbox 36 2750 103 2797; x_wconf 90' lang='lat' dir='ltr'><strong>nam</strong></span> <span class='ocrx_word' id='word_1_223' title='bbox 132 2735 199 2799; x_wconf 87' lang='lat' dir='ltr'><strong>alia</strong></span> <span class='ocrx_word' id='word_1_224' title='bbox 228 2735 346 2799; x_wconf 78' lang='lat' dir='ltr'><strong>desunt.</strong></span> <span class='ocrx_word' id='word_1_225' title='bbox 390 2733 442 2795; x_wconf 89' lang='lat' dir='ltr'><strong>Sic</strong></span> <span class='ocrx_word' id='word_1_226' title='bbox 469 2739 500 2797; x_wconf 92' lang='lat' dir='ltr'><strong>et</strong></span> <span class='ocrx_word' id='word_1_227' title='bbox 523 2733 665 2796; x_wconf 81' lang='lat' dir='ltr'><strong>feminina</strong></span> <span class='ocrx_word' id='word_1_228' title='bbox 682 2726 812 2814; x_wconf 84' lang='grc' dir='ltr'><strong><em>Ὀσμλδα</em></strong></span> <span class='ocrx_word' id='word_1_229' title='bbox 832 2733 906 2796; x_wconf 91' lang='lat' dir='ltr'><strong>urbs</strong></span> <span class='ocrx_word' id='word_1_230' title='bbox 928 2733 1037 2799; x_wconf 83' lang='lat' dir='ltr'><strong>Cretae</strong></span> <span class='ocrx_word' id='word_1_231' title='bbox 1060 2736 1142 2816; x_wconf 82' lang='lat' dir='ltr'><strong>Scyl.</strong></span> 
     </span>
     <span class='ocr_line' id='line_1_26' title="bbox 39 2824 1142 2917; baseline 0.005 -23"><span class='ocrx_word' id='word_1_232' title='bbox 39 2848 65 2909; x_wconf 85' lang='lat' dir='ltr'><strong>p.</strong></span> <span class='ocrx_word' id='word_1_233' title='bbox 95 2831 143 2900; x_wconf 89' lang='grc'><strong>18.</strong></span> <span class='ocrx_word' id='word_1_234' title='bbox 172 2833 272 2900; x_wconf 87' lang='lat' dir='ltr'><strong>lluds.</strong></span> <span class='ocrx_word' id='word_1_235' title='bbox 292 2824 397 2913; x_wconf 81' lang='grc' dir='ltr'><strong><em>Ἀμλόα</em></strong></span> <span class='ocrx_word' id='word_1_236' title='bbox 422 2829 535 2896; x_wconf 84' lang='lat' dir='ltr'><strong>Zosim.</strong></span> <span class='ocrx_word' id='word_1_237' title='bbox 558 2832 606 2896; x_wconf 91' lang='lat' dir='ltr'><strong>lll.</strong></span> <span class='ocrx_word' id='word_1_238' title='bbox 627 2832 676 2898; x_wconf 91' lang='grc'><strong>34.</strong></span> <span class='ocrx_word' id='word_1_239' title='bbox 705 2850 762 2913; x_wconf 88' lang='lat' dir='ltr'><strong>pre</strong></span> <span class='ocrx_word' id='word_1_240' title='bbox 792 2849 853 2913; x_wconf 86' lang='lat' dir='ltr'><strong>que</strong></span> <span class='ocrx_word' id='word_1_241' title='bbox 878 2825 984 2915; x_wconf 83' lang='grc' dir='ltr'><strong><em>Ἀμλόη</em></strong></span> <span class='ocrx_word' id='word_1_242' title='bbox 1009 2833 1142 2917; x_wconf 85' lang='lat' dir='ltr'><strong>l’roeop.</strong></span> 
     </span>
     <span class='ocr_line' id='line_1_27' title="bbox 37 2917 1142 3014; baseline 0.005 -24"><span class='ocrx_word' id='word_1_243' title='bbox 37 2928 119 2996; x_wconf 89' lang='lat' dir='ltr'><strong>Pers.</strong></span> <span class='ocrx_word' id='word_1_244' title='bbox 140 2933 164 2997; x_wconf 87' lang='grc' dir='ltr'><strong>Ι.</strong></span> <span class='ocrx_word' id='word_1_245' title='bbox 189 2931 242 3014; x_wconf 85' lang='lat'><strong>21,</strong></span> <span class='ocrx_word' id='word_1_246' title='bbox 264 2932 312 2998; x_wconf 92' lang='grc'><strong>62.</strong></span> <span class='ocrx_word' id='word_1_247' title='bbox 327 2932 359 2996; x_wconf 86' lang='grc'><strong>0.</strong></span> <span class='ocrx_word' id='word_1_248' title='bbox 388 2929 472 3006; x_wconf 83' lang='lat' dir='ltr'><strong>Quae</strong></span> <span class='ocrx_word' id='word_1_249' title='bbox 492 2932 523 2993; x_wconf 94' lang='lat' dir='ltr'><strong>in</strong></span> <span class='ocrx_word' id='word_1_250' title='bbox 545 2917 618 3014; x_wconf 55' lang='grc' dir='ltr'><strong>τῆς</strong></span> <span class='ocrx_word' id='word_1_251' title='bbox 632 2938 744 2996; x_wconf 82' lang='lat' dir='ltr'><strong>exeunt</strong></span> <span class='ocrx_word' id='word_1_252' title='bbox 765 2937 818 2994; x_wconf 92' lang='lat' dir='ltr'><strong>aut</strong></span> <span class='ocrx_word' id='word_1_253' title='bbox 839 2933 1050 3013; x_wconf 81' lang='lat' dir='ltr'><strong>patronymica</strong></span> <span class='ocrx_word' id='word_1_254' title='bbox 1070 2941 1142 2997; x_wconf 89' lang='lat' dir='ltr'><strong>sunt</strong></span> 
     </span>
     <span class='ocr_line' id='line_1_28' title="bbox 42 3027 1142 3112; baseline 0.005 -23"><span class='ocrx_word' id='word_1_255' title='bbox 42 3036 89 3091; x_wconf 90' lang='lat' dir='ltr'><strong>aut</strong></span> <span class='ocrx_word' id='word_1_256' title='bbox 111 3030 160 3095; x_wconf 91' lang='lat' dir='ltr'><strong>bis</strong></span> <span class='ocrx_word' id='word_1_257' title='bbox 184 3032 357 3094; x_wconf 90' lang='lat' dir='ltr'><strong>assimilata</strong></span> <span class='ocrx_word' id='word_1_258' title='bbox 379 3031 505 3111; x_wconf 88' lang='lat' dir='ltr'><strong>propria</strong></span> <span class='ocrx_word' id='word_1_259' title='bbox 529 3029 695 3111; x_wconf 79' lang='grc' dir='ltr'><strong><em>Θρακλόας,</em></strong></span> <span class='ocrx_word' id='word_1_260' title='bbox 720 3027 1086 3112; x_wconf 70' lang='grc' dir='ltr'><strong><em>Πανίόης,13Περόλόαι,</em></strong></span> <span class='ocrx_word' id='word_1_261' title='bbox 1110 3037 1142 3095; x_wconf 90' lang='lat' dir='ltr'><strong>et</strong></span> 
     </span>
     <span class='ocr_line' id='line_1_29' title="bbox 42 3123 1142 3214; baseline 0.005 -28"><span class='ocrx_word' id='word_1_262' title='bbox 42 3129 175 3206; x_wconf 80' lang='lat' dir='ltr'><strong>epitheta</strong></span> <span class='ocrx_word' id='word_1_263' title='bbox 197 3123 401 3214; x_wconf 73' lang='grc' dir='ltr'><strong><em>ν’]ιιπεκλόης,</em></strong></span> <span class='ocrx_word' id='word_1_264' title='bbox 428 3128 554 3212; x_wconf 84' lang='grc' dir='ltr'><strong><em>λνκλόης</em></strong></span> <span class='ocrx_word' id='word_1_265' title='bbox 574 3147 602 3195; x_wconf 87' lang='lat' dir='ltr'><strong>v.</strong></span> <span class='ocrx_word' id='word_1_266' title='bbox 623 3130 661 3194; x_wconf 93' lang='lat' dir='ltr'><strong>ad</strong></span> <span class='ocrx_word' id='word_1_267' title='bbox 681 3131 729 3209; x_wconf 79' lang='lat' dir='ltr'><strong>nj.</strong></span> <span class='ocrx_word' id='word_1_268' title='bbox 753 3148 782 3210; x_wconf 87' lang='lat' dir='ltr'><strong>p.</strong></span> <span class='ocrx_word' id='word_1_269' title='bbox 804 3127 875 3194; x_wconf 85' lang='grc'><strong>389.</strong></span> <span class='ocrx_word' id='word_1_270' title='bbox 897 3134 927 3191; x_wconf 92' lang='lat' dir='ltr'><strong>et</strong></span> <span class='ocrx_word' id='word_1_271' title='bbox 949 3128 986 3192; x_wconf 93' lang='lat' dir='ltr'><strong>de</strong></span> <span class='ocrx_word' id='word_1_272' title='bbox 1008 3129 1142 3193; x_wconf 91' lang='lat' dir='ltr'><strong>nomini-</strong></span> 
     </span>
     <span class='ocr_line' id='line_1_30' title="bbox 42 3215 1141 3309; baseline 0.005 -24"><span class='ocrx_word' id='word_1_273' title='bbox 42 3222 96 3288; x_wconf 93' lang='lat' dir='ltr'><strong>bus</strong></span> <span class='ocrx_word' id='word_1_274' title='bbox 117 3228 148 3291; x_wconf 91' lang='lat' dir='ltr'><strong>in</strong></span> <span class='ocrx_word' id='word_1_275' title='bbox 167 3215 254 3293; x_wconf 65' lang='grc' dir='ltr'><strong>ι’όῶν</strong></span> <span class='ocrx_word' id='word_1_276' title='bbox 271 3229 309 3294; x_wconf 93' lang='lat' dir='ltr'><strong>ad</strong></span> <span class='ocrx_word' id='word_1_277' title='bbox 329 3229 440 3294; x_wconf 82' lang='lat' dir='ltr'><strong>Ruttm.</strong></span> <span class='ocrx_word' id='word_1_278' title='bbox 460 3227 531 3292; x_wconf 88' lang='grc'><strong>407.</strong></span> <span class='ocrx_word' id='word_1_279' title='bbox 567 3226 628 3293; x_wconf 88' lang='lat' dir='ltr'><strong>Sed</strong></span> <span class='ocrx_word' id='word_1_280' title='bbox 639 3227 792 3292; x_wconf 88' lang='lat' dir='ltr'><strong>uberrima</strong></span> <span class='ocrx_word' id='word_1_281' title='bbox 808 3242 1033 3309; x_wconf 78' lang='lat' dir='ltr'><strong>paragogorum</strong></span> <span class='ocrx_word' id='word_1_282' title='bbox 1049 3243 1141 3306; x_wconf 79' lang='lat' dir='ltr'><strong>seges</strong></span> 
     </span>
     <span class='ocr_line' id='line_1_31' title="bbox 43 3323 1140 3409; baseline 0.003 -25"><span class='ocrx_word' id='word_1_283' title='bbox 43 3323 166 3399; x_wconf 75' lang='lat' dir='ltr'><strong>pullulat</strong></span> <span class='ocrx_word' id='word_1_284' title='bbox 187 3330 221 3392; x_wconf 92' lang='lat' dir='ltr'><strong>in</strong></span> <span class='ocrx_word' id='word_1_285' title='bbox 243 3328 411 3409; x_wconf 81' lang='lat' dir='ltr'><strong>adjectivis.</strong></span> <span class='ocrx_word' id='word_1_286' title='bbox 452 3326 567 3390; x_wconf 89' lang='lat' dir='ltr'><strong>Herum</strong></span> <span class='ocrx_word' id='word_1_287' title='bbox 589 3335 686 3391; x_wconf 87' lang='lat' dir='ltr'><strong>autem</strong></span> <span class='ocrx_word' id='word_1_288' title='bbox 708 3326 768 3391; x_wconf 89' lang='lat' dir='ltr'><strong>alia</strong></span> <span class='ocrx_word' id='word_1_289' title='bbox 790 3327 829 3390; x_wconf 95' lang='lat' dir='ltr'><strong>ab</strong></span> <span class='ocrx_word' id='word_1_290' title='bbox 851 3325 1005 3390; x_wconf 88' lang='lat' dir='ltr'><strong>adverbiis</strong></span> <span class='ocrx_word' id='word_1_291' title='bbox 1027 3324 1140 3388; x_wconf 86' lang='lat' dir='ltr'><strong>ducun-</strong></span> 
     </span>
     <span class='ocr_line' id='line_1_32' title="bbox 46 3420 1141 3514; baseline 0.005 -34"><span class='ocrx_word' id='word_1_292' title='bbox 46 3424 101 3484; x_wconf 87' lang='lat' dir='ltr'><strong>tur:</strong></span> <span class='ocrx_word' id='word_1_293' title='bbox 124 3421 163 3489; x_wconf 82' lang='grc' dir='ltr'><strong>ὃν</strong></span> <span class='ocrx_word' id='word_1_294' title='bbox 181 3422 301 3511; x_wconf 89' lang='grc' dir='ltr'><strong><em>τρόπον</em></strong></span> <span class='ocrx_word' id='word_1_295' title='bbox 318 3428 362 3514; x_wconf 80' lang='grc' dir='ltr'><strong>τῷ</strong></span> <span class='ocrx_word' id='word_1_296' title='bbox 378 3421 507 3490; x_wconf 79' lang='grc' dir='ltr'><strong><em>ὄπισθεν</em></strong></span> <span class='ocrx_word' id='word_1_297' title='bbox 526 3421 562 3489; x_wconf 86' lang='grc' dir='ltr'><strong>τὸ</strong></span> <span class='ocrx_word' id='word_1_298' title='bbox 575 3421 749 3501; x_wconf 78' lang='grc' dir='ltr'><strong><em>ὀπιοθλόιος</em></strong></span> <span class='ocrx_word' id='word_1_299' title='bbox 761 3420 950 3509; x_wconf 79' lang='grc' dir='ltr'><strong><em>παράκειται,</em></strong></span> <span class='ocrx_word' id='word_1_300' title='bbox 966 3420 1141 3506; x_wconf 76' lang='grc' dir='ltr'><strong><em>ἔμπροσθεν</em></strong></span> 
     </span>
    </p>
   </div>
   <div class='ocr_carea' id='block_1_3' title="bbox 46 3587 334 3611">
    <p class='ocr_par' dir='ltr' id='par_1_3' title="bbox 46 3587 334 3611">
     <span class='ocr_line' id='line_1_33' title="bbox 46 3587 334 3611; baseline 0 0"><span class='ocrx_word' id='word_1_301' title='bbox 46 3587 334 3611; x_wconf 42' lang='lat' dir='ltr'><strong>*Q—</strong></span> 
     </span>
    </p>
   </div>
   <div class='ocr_carea' id='block_1_4' title="bbox 107 3702 906 3776">
    <p class='ocr_par' dir='ltr' id='par_1_4' title="bbox 107 3702 906 3776">
     <span class='ocr_line' id='line_1_34' title="bbox 107 3702 906 3776; baseline 0.001 -19"><span class='ocrx_word' id='word_1_302' title='bbox 107 3702 149 3770; x_wconf 84' lang='lat'><strong>12]</strong></span> <span class='ocrx_word' id='word_1_303' title='bbox 171 3706 222 3760; x_wconf 83' lang='lat' dir='ltr'><strong>llic</strong></span> <span class='ocrx_word' id='word_1_304' title='bbox 238 3720 284 3774; x_wconf 84' lang='lat' dir='ltr'><strong>pro</strong></span> <span class='ocrx_word' id='word_1_305' title='bbox 303 3703 433 3766; x_wconf 80' lang='grc' dir='ltr'><strong><em>κάταιόος</em></strong></span> <span class='ocrx_word' id='word_1_306' title='bbox 451 3722 484 3763; x_wconf 79' lang='lat' dir='ltr'><strong>ex</strong></span> <span class='ocrx_word' id='word_1_307' title='bbox 501 3706 561 3762; x_wconf 74' lang='lat' dir='ltr'><strong>Arc.</strong></span> <span class='ocrx_word' id='word_1_308' title='bbox 580 3707 759 3776; x_wconf 80' lang='lat' dir='ltr'><strong>reponendum</strong></span> <span class='ocrx_word' id='word_1_309' title='bbox 776 3704 906 3762; x_wconf 76' lang='grc' dir='ltr'><strong><em>κίναιδος.</em></strong></span> 
     </span>
    </p>
   </div>
   <div class='ocr_carea' id='block_1_5' title="bbox 49 3799 1140 4040">
    <p class='ocr_par' dir='ltr' id='par_1_5' title="bbox 49 3799 1140 4040">
     <span class='ocr_line' id='line_1_35' title="bbox 109 3799 1140 3872; baseline -0.006 -14"><span class='ocrx_word' id='word_1_310' title='bbox 109 3802 151 3870; x_wconf 85' lang='grc'><strong>13)</strong></span> <span class='ocrx_word' id='word_1_311' title='bbox 169 3805 226 3862; x_wconf 79' lang='lat' dir='ltr'><strong>liex</strong></span> <span class='ocrx_word' id='word_1_312' title='bbox 242 3806 368 3863; x_wconf 85' lang='lat' dir='ltr'><strong>Euboeae</strong></span> <span class='ocrx_word' id='word_1_313' title='bbox 386 3809 413 3860; x_wconf 89' lang='lat' dir='ltr'><strong>in</strong></span> <span class='ocrx_word' id='word_1_314' title='bbox 432 3807 516 3862; x_wconf 88' lang='lat' dir='ltr'><strong>Precl.</strong></span> <span class='ocrx_word' id='word_1_315' title='bbox 540 3806 569 3860; x_wconf 89' lang='lat' dir='ltr'><strong>V.</strong></span> <span class='ocrx_word' id='word_1_316' title='bbox 593 3804 702 3861; x_wconf 89' lang='lat' dir='ltr'><strong>llesiod.</strong></span> <span class='ocrx_word' id='word_1_317' title='bbox 728 3820 754 3872; x_wconf 84' lang='lat' dir='ltr'><strong>p.</strong></span> <span class='ocrx_word' id='word_1_318' title='bbox 781 3803 844 3858; x_wconf 85' lang='lat' dir='ltr'><strong>llll.</strong></span> <span class='ocrx_word' id='word_1_319' title='bbox 872 3801 914 3858; x_wconf 91' lang='lat' dir='ltr'><strong>ed.</strong></span> <span class='ocrx_word' id='word_1_320' title='bbox 942 3799 1038 3855; x_wconf 85' lang='lat' dir='ltr'><strong>Geettl.</strong></span> <span class='ocrx_word' id='word_1_321' title='bbox 1062 3813 1140 3868; x_wconf 84' lang='lat' dir='ltr'><strong>quem</strong></span> 
     </span>
     <span class='ocr_line' id='line_1_36' title="bbox 49 3875 1140 3958; baseline 0 -25"><span class='ocrx_word' id='word_1_322' title='bbox 49 3875 200 3943; x_wconf 82' lang='lat' dir='ltr'><strong>Hernnaunus</strong></span> <span class='ocrx_word' id='word_1_323' title='bbox 218 3888 315 3958; x_wconf 80' lang='lat' dir='ltr'><strong>Opust.</strong></span> <span class='ocrx_word' id='word_1_324' title='bbox 339 3890 366 3944; x_wconf 88' lang='lat' dir='ltr'><strong>T.</strong></span> <span class='ocrx_word' id='word_1_325' title='bbox 385 3891 427 3945; x_wconf 91' lang='lat' dir='ltr'><strong>Vl.</strong></span> <span class='ocrx_word' id='word_1_326' title='bbox 449 3893 504 3947; x_wconf 82' lang='lat'><strong>151.</strong></span> <span class='ocrx_word' id='word_1_327' title='bbox 522 3889 658 3952; x_wconf 78' lang='grc' dir='ltr'><strong><em>Πανιλδην</em></strong></span> <span class='ocrx_word' id='word_1_328' title='bbox 679 3893 798 3941; x_wconf 72' lang='lat' dir='ltr'><strong>vocatum</strong></span> <span class='ocrx_word' id='word_1_329' title='bbox 822 3900 883 3941; x_wconf 91' lang='lat' dir='ltr'><strong>esse</strong></span> <span class='ocrx_word' id='word_1_330' title='bbox 909 3889 989 3954; x_wconf 87' lang='lat' dir='ltr'><strong>putat.</strong></span> <span class='ocrx_word' id='word_1_331' title='bbox 1024 3887 1140 3946; x_wconf 79' lang='grc' dir='ltr'><strong><em>Πανιτης</em></strong></span> 
     </span>
     <span class='ocr_line' id='line_1_37' title="bbox 52 3956 1139 4040; baseline -0.001 -22"><span class='ocrx_word' id='word_1_332' title='bbox 52 3956 186 4040; x_wconf 75' lang='lat' dir='ltr'><strong>Messenius</strong></span> <span class='ocrx_word' id='word_1_333' title='bbox 205 3971 301 4028; x_wconf 88' lang='lat' dir='ltr'><strong>llerod.</strong></span> <span class='ocrx_word' id='word_1_334' title='bbox 319 3972 360 4027; x_wconf 91' lang='lat' dir='ltr'><strong>lll.</strong></span> <span class='ocrx_word' id='word_1_335' title='bbox 381 3974 422 4030; x_wconf 88' lang='grc'><strong>52.</strong></span> <span class='ocrx_word' id='word_1_336' title='bbox 451 3978 478 4028; x_wconf 91' lang='lat' dir='ltr'><strong>et</strong></span> <span class='ocrx_word' id='word_1_337' title='bbox 501 3975 632 4035; x_wconf 71' lang='grc' dir='ltr'><strong><em>Παιτίνης</em></strong></span> <span class='ocrx_word' id='word_1_338' title='bbox 659 3970 714 4024; x_wconf 91' lang='lat' dir='ltr'><strong>llll.</strong></span> <span class='ocrx_word' id='word_1_339' title='bbox 738 3970 797 4026; x_wconf 84' lang='grc'><strong>232.</strong></span> <span class='ocrx_word' id='word_1_340' title='bbox 822 3968 893 4037; x_wconf 85' lang='lat' dir='ltr'><strong>qued</strong></span> <span class='ocrx_word' id='word_1_341' title='bbox 916 3967 1052 4036; x_wconf 75' lang='lat' dir='ltr'><strong>syntbeton</strong></span> <span class='ocrx_word' id='word_1_342' title='bbox 1078 3981 1139 4022; x_wconf 83' lang='lat' dir='ltr'><strong>esse</strong></span> 
     </span>
    </p>
   </div>
   <div class='ocr_carea' id='block_1_6' title="bbox 52 4049 1139 4283">
    <p class='ocr_par' dir='ltr' id='par_1_6' title="bbox 52 4049 1139 4283">
     <span class='ocr_line' id='line_1_38' title="bbox 52 4049 1139 4136; baseline -0.001 -31"><span class='ocrx_word' id='word_1_343' title='bbox 52 4049 135 4136; x_wconf 67' lang='lat' dir='ltr'><strong>lolest</strong></span> <span class='ocrx_word' id='word_1_344' title='bbox 168 4052 261 4110; x_wconf 83' lang='lat' dir='ltr'><strong>iliram</strong></span> <span class='ocrx_word' id='word_1_345' title='bbox 282 4061 322 4111; x_wconf 87' lang='lat' dir='ltr'><strong>est</strong></span> <span class='ocrx_word' id='word_1_346' title='bbox 342 4070 436 4113; x_wconf 88' lang='lat' dir='ltr'><strong>nomen</strong></span> <span class='ocrx_word' id='word_1_347' title='bbox 452 4056 524 4111; x_wconf 91' lang='lat' dir='ltr'><strong>urbis</strong></span> <span class='ocrx_word' id='word_1_348' title='bbox 542 4053 662 4111; x_wconf 83' lang='lat' dir='ltr'><strong>Creticae</strong></span> <span class='ocrx_word' id='word_1_349' title='bbox 679 4053 780 4118; x_wconf 78' lang='lat' dir='ltr'><strong>Scylac.</strong></span> <span class='ocrx_word' id='word_1_350' title='bbox 798 4067 825 4120; x_wconf 83' lang='grc' dir='ltr'><strong>ρ.</strong></span> <span class='ocrx_word' id='word_1_351' title='bbox 845 4053 884 4108; x_wconf 82' lang='lat' dir='ltr'><strong>ta.</strong></span> <span class='ocrx_word' id='word_1_352' title='bbox 904 4050 973 4109; x_wconf 77' lang='grc' dir='ltr'><strong><em>Πᾶν,</em></strong></span> <span class='ocrx_word' id='word_1_353' title='bbox 995 4050 1065 4118; x_wconf 87' lang='lat' dir='ltr'><strong>quod</strong></span> <span class='ocrx_word' id='word_1_354' title='bbox 1086 4063 1139 4104; x_wconf 89' lang='lat' dir='ltr'><strong>ne-</strong></span> 
     </span>
     <span class='ocr_line' id='line_1_39' title="bbox 54 4134 360 4196; baseline 0.059 -21"><span class='ocrx_word' id='word_1_355' title='bbox 54 4134 103 4180; x_wconf 79' lang='lat' dir='ltr'><strong>scia</strong></span> <span class='ocrx_word' id='word_1_356' title='bbox 120 4143 150 4185; x_wconf 86' lang='lat' dir='ltr'><strong>an</strong></span> <span class='ocrx_word' id='word_1_357' title='bbox 166 4137 257 4196; x_wconf 73' lang='grc' dir='ltr'><strong><em>πόνος</em></strong></span> <span class='ocrx_word' id='word_1_358' title='bbox 274 4137 360 4193; x_wconf 85' lang='lat' dir='ltr'><strong>tuerit.</strong></span> 
     </span>
     <span class='ocr_line' id='line_1_40' title="bbox 877 4215 947 4283; baseline -0.014 0"><span class='ocrx_word' id='word_1_359' title='bbox 877 4215 947 4283; x_wconf 77' lang='lat' dir='ltr'><strong>23‘l</strong></span> 
     </span>
    </p>
   </div>
   <div class='ocr_carea' id='block_1_7' title="bbox 0 0 1414 4992">
    <p class='ocr_par' dir='ltr' id='par_1_7' title="bbox 0 0 1414 4992">
     <span class='ocr_line' id='line_1_41' title="bbox 0 0 1414 4992; baseline 0 0"><span class='ocrx_word' id='word_1_360' title='bbox 0 0 1414 4992; x_wconf 95' lang='lat' dir='ltr'><strong> </strong></span> 
     </span>
    </p>
   </div>
  </div>
 </body>
</html>
