2750 4994
115 271 169 338 DE
191 271 288 350 ΝΟΜ.
312 263 691 346 ottonttnnttnttnct'.
711 267 788 336 EST
800 271 873 338 Μή.Ι
900 272 933 338 C.
947 271 968 338 l.
990 279 1020 350 ς.
1033 273 1062 340 3.
1095 275 1159 349 159

59 445 128 504 sunt
148 437 348 505 substantiva
367 427 509 517 ἀνοήμων
529 435 596 498 sive
615 426 758 520 ἆνμεμήν
777 452 805 499 ι.
827 435 867 500 etl
885 437 935 521 Al.
947 453 977 520 μ.
989 437 1058 504 171.
1073 432 1160 524 ἄμμε.

57 560 122 621 νων
142 539 162 602 i·
184 554 213 618 t·
234 527 400 618 memte
427 525 583 616 ἀνέμων,
604 527 741 616 esem,
768 529 917 618 κηδεμών·
967 535 1160 616 nnecttvum

58 629 312 720 inventic'Seltol
333 634 367 698 ll.
388 633 423 698 V.
443 631 513 698 515.
534 649 597 697 non
619 633 686 698 sine
708 631 861 714 probabili
882 633 1002 698 tatione
1022 651 1091 700 enm
1107 630 1161 718 ἄμ

58 759 119 811 νιος
139 734 322 815 consociat,
347 731 404 796 setl
424 725 556 814 ιἰβλιμής
577 737 608 794 et
627 728 765 816 νωλεμής
791 749 881 798 nemo
905 732 983 796 satis
1004 734 1161 820 explicuit,

58 831 295 930 ne-N-i-tnseltius
312 829 433 912 quidem
454 829 493 896 ed
516 828 628 910 odyss.
649 827 698 895 tx.
719 831 789 898 425.
811 837 844 894 ut
873 831 1013 912 equidem
1034 849 1159 902 censeo.

58 935 90 998 111
109 955 175 1016 εμις
195 935 319 1012 praeter
331 923 469 1012 ’Ἄρτεμις
488 927 683 993 Herodianus
704 949 736 992 ιι.
755 931 847 994 Μον.
866 947 895 1011 μ.
908 929 938 996 8.
956 931 1072 996 invenit
1085 932 1158 1003 nul-,

59 1033 132 1116 lum,
159 1029 242 1094 unde
263 1033 350 1108 patet
377 1045 446 1091 enm
471 1028 504 1091 in
523 1024 636 1090 lietotl.
658 1026 694 1092 ll.
716 1028 785 1095 155.
815 1024 930 1112 Χέμμις
956 1028 1072 1108 legisse
1093 1047 1157 1096 non

52 1126 179 1212 Ἔχεμος,
198 1124 473 1209 quodliustathins
495 1125 582 1188 nliert
603 1125 770 1190 seeundum
785 1127 854 1193 eod
864 1129 955 1194 Arelt.
971 1127 1160 1210 Dtpntnongi
1236 1113 1244 1134 ⁸

58 1230 87 1292 in
107 1225 276 1310 paragogis
298 1223 389 1303 ltnjus
409 1221 533 1303 generis
554 1238 617 1287 non
638 1233 818 1306 comparent
832 1228 892 1294 nisi
905 1245 923 1292 a
936 1226 1040 1292 verbis
1060 1227 1160 1292 trans-

59 1328 136 1391 latae
157 1325 342 1405 πολιιλμων,
362 1315 522 1404 ἰχνεύμων.
563 1317 705 1404 Σόαιμος
731 1323 863 1391 hominis
890 1325 1015 1391 barbani
1045 1342 1159 1426 nemen

59 1433 104 1492 est
123 1426 217 1491 Dion
236 1423 326 1488 Cass
345 1419 419 1486 llll
443 1420 490 1486 12.

138 1546 170 1614 s
190 1537 220 1602 3.
261 1535 421 1600 Nomina
412 1553 444 1598 ιιι
465 1557 537 1618 ημη,
558 1559 630 1618 ημο,
651 1559 730 1620 ημος
750 1554 829 1619 qnae
849 1539 1052 1619 perstrinxi
1042 1556 1076 1603 tn
1095 1539 1159 1606 Pn-

57 1640 120 1704 mll
141 1636 213 1703 397.
236 1635 467 1701 ettennon
490 1636 635 1718 colligate
662 1644 735 1702 sunt
755 1636 878 1701 vinculo
887 1631 1077 1725 ,φιλήμή“
1059 1661 1080 1723 η
1100 1661 1158 1722 φι-

56 1741 104 1802 λία
123 1737 198 1802 Hes.
219 1743 252 1800 el
275 1730 434 1818 Φιλήμων,
461 1734 570 1816 sitiente
590 1737 656 1800 sive
676 1735 771 1818 ἔδημοι
793 1743 823 1800 et
842 1687 977 1819 εἰδήμων
998 1743 1056 1802 etc.
1091 1737 1159 1804 Ne·

57 1855 114 1920 que
143 1843 248 1900 tamen
278 1834 472 1901 Grammatiei
499 1830 590 1916 ήμων
618 1835 657 1900 ab
686 1822 752 1917 ήμοι
779 1834 829 1898 vel
856 1832 987 1918 μνήμων
1015 1831 1158 1920 ιμνήμη

57 1941 198 2018 repetunt
220 1933 277 1998 setl
302 1952 321 1997 a
350 1933 459 1996 futuris
489 1933 576 1998 Enst.
598 1933 687 2016 1019,
708 1933 757 1998 40.
787 1933 852 1997 ΕΜ.
873 1933 944 2016 464,
965 1935 1037 2000 27.7
1057 1919 1157 2001 ιἰἰοιι-

58 2053 114 2117 qne
143 2035 213 2098 sine
242 2031 334 2098 dnbio
358 2029 535 2112 indicarent
563 2031 602 2097 de
629 2032 779 2096 similibus
807 2027 960 2113 αἰδήμων,
995 2027 1157 2122 ἀχθήμων,

56 2128 254 2217 moelem,
282 2123 424 2213 rotem,
455 2127 617 2214 ὃνλήιων,
643 2125 787 2213 volent,
820 2125 994 2212 τενήνων,
1021 2129 1156 2216 τλήμων»

58 2235 178 2300 etiamsi
207 2246 270 2295 non
298 2229 398 2294 desint
425 2247 504 2312 quae
526 2238 664 2296 tenorem
684 2231 906 2310 interrumpent
927 2238 979 2294 ant
1001 2232 1041 2298 nb
1064 2233 1157 2305 lntnri

59 2332 209 2398 deiectum
238 2335 273 2392 nt
300 2323 423 2410 ρήμων,
451 2321 594 2412 ἀλήμων,
626 2323 782 2411 ζηλήμων,
811 2337 864 2392 eut
893 2329 1033 2410 quinne
1061 2345 1157 2412 prae-

6 2449 7 2460 *
59 2449 130 2496 sens
152 2428 275 2512 quidem
303 2435 388 2493 extet
414 2429 653 2511 circumflexum,
680 2421 878 2510 ἀβροτήμων,
907 2423 1074 2524 3οιλήμων,
1101 2448 1157 2512 με·

58 2525 211 2614 λεδήμων,
247 2519 422 2609 ἀλιτήμων,
453 2543 532 2608 qnae
564 2527 667 2592 verbis
700 2529 731 2590 in
758 2513 829 2606 ott-‘m'
851 2534 882 2591 et
909 2549 988 2592 αινω
1017 2545 1157 2612 appensa

60 2637 139 2694 sunt
179 2627 258 2692 Nam
288 2626 326 2690 ad
354 2627 581 2706 grammaticam
607 2627 758 2690 rationem
785 2627 863 2691 satis
892 2634 941 2692 est
962 2627 1157 2740 pleraqnea

59 2729 160 2793 verbis
183 2725 253 2790 tlnei
279 2740 376 2805 posse
407 2732 437 2788 et
463 2740 528 2788 non
548 2740 648 2804 pauca
670 2723 796 2808 debere,
824 2740 900 2807 prae
919 2727 1032 2792 eetetis
1052 2721 1157 2809 δειδή-

60 2847 134 2908 ιον
155 2818 306 2906 sitleam
328 2816 485 2906 Eillinet
506 2818 670 2905 μακύνων
691 2821 869 2906 πειθήνιον
890 2819 1058 2908 essentem
1079 2841 1158 2906 pro-

61 2927 186 3006 priaque
205 2917 377 3004 Χαιρήμων
397 2930 428 2988 et
446 2917 599 3005 Φεμήμων
612 2921 683 2987 Selt.
695 2921 750 2987 Od.
764 2923 800 2989 tt.
816 2922 845 2989 3.
867 2931 898 2988 et
919 2941 939 2987 a
958 2925 1044 3004 puris
1065 2923 1157 2987 tlnete

60 3017 244 3106 ἀβακήμων,
265 3017 411 3103 δνήμων,
438 3016 630 3105 νεμεσήμων,
652 3013 810 3103 ὀτλήμων,
837 3017 990 3106 τημήμων.
1033 3023 1158 3104 Siquis

61 3139 131 3187 veno
153 3115 339 3204 limentinum
365 3137 384 3184 a
408 3115 523 3204 βλάστη
550 3123 670 3204 potins,
697 3115 866 3203 ψευδήμων
892 3139 912 3185 a
937 3121 1068 3200 ψεῦδος,
1098 3115 1158 3196 eiv-

61 3216 172 3304 θήμων
192 3219 231 3283 ab
253 3213 353 3294 ἄνθος
374 3218 512 3283 derivate
532 3220 631 3303 malit,
660 3235 785 3284 eausam
806 3235 893 3284 snam
915 3221 1079 3302 perpensis
1101 3237 1158 3286 sn-

63 3327 197 3384 stentare
219 3319 333 3398 poterit
354 3319 518 3400 exemplis;
541 3334 610 3381 nem
631 3313 792 3400 ληθήμων,
814 3318 897 3400 qnod
910 3319 1081 3387 Salmasius
1093 3319 1159 3384 lle·

64 3420 167 3498 syehio
197 3415 297 3482 reddit
324 3434 381 3499 pro
411 3413 630 3500 Ληθημόνοισι
651 3420 821 3499 ληθαρμοῖς
848 3416 989 3484 scribens
1016 3412 1159 3500 ληθημό-

63 3531 158 3596 νεοσι,
187 3515 263 3580 nillil
282 3515 407 3599 impedit
429 3517 591 3596 quominus
615 3512 743 3599 ιλή3ω
772 3509 920 3580 nonenim
941 3515 1095 3597 dienmns3
1129 3523 1161 3581 et

63 3615 123 3680 lieri
145 3622 252 3697 potest
277 3621 312 3678 ut
339 3615 390 3680 ille
412 3614 564 3695 adjectivo
586 3616 806 3695 interpretatus
828 3615 870 3678 sit
890 3615 1083 3697 perticipium
1102 3617 1161 3697 λη-

64 3773 355 3789 m

127 3865 326 3938 nsingnlare
341 3868 437 3923 ectasis
460 3866 609 3935 exemplum
632 3869 740 3921 estv
690 3881 740 3918 σον
741 3863 819 3934 ήμων
846 3863 928 3918 ὅσον
930 3863 1011 3929 ήθής,
1036 3861 1090 3916 elin
1076 3864 1162 3916 οοῦτ

69 3955 172 4002 σινῖινο
173 3949 261 4004 asch.
283 3951 333 4020 Ap.
360 3949 403 4005 lv.
430 3950 510 4007 1210
530 3947 653 4004 setlEll.
671 3948 730 4017 735,
747 3950 845 4007 nnn«
807 3947 882 4018 πνὰρ
864 3945 931 4000 aiv
949 3937 1034 4013 ἦσθα’
1052 3943 1105 4010 ἢν
1107 3947 1161 4016 “tit

70 4029 113 4094 ι3ν
98 4031 217 4085 tvm
205 4032 288 4086 exat
258 4033 411 4100 αὶβέλτιον
418 4039 479 4092 ,nt
495 4047 545 4083 σιν
529 4030 645 4102 ννήμων
661 4033 688 4087 ln
705 4031 840 4089 Endoeine
858 4029 960 4098 Martyr.
980 4027 1056 4097 Cypr.
1075 4041 1100 4084 v.
1118 4030 1160 4087 92.

70 4130 100 4178 μ
102 4113 212 4183 «intem
227 4114 373 4184 ενθήμων.
