2750 4994
221 279 283 354 ltttt
566 279 895 346 lrrssssrtrnrro
922 281 971 344 111.

221 449 262 516 ob
283 445 489 530 htpttneresin
509 431 607 510 noio
627 451 757 510 occentu
778 447 849 512 Sch.
872 446 904 510 ll.
926 445 1029 512 XXIV.
1051 443 1121 512 228.
1135 446 1224 508 Eust.
1236 445 1344 515 1347.

224 549 270 616 15.
291 549 379 628 dtdtts
401 547 446 610 rei
466 545 557 610 elium
578 561 704 608 causam
726 543 818 608 tradit
837 544 989 610 Arcadius
1010 539 1046 608 τὸ
1068 540 1175 625 ἰταμός
1195 541 1258 608 καὶ
1281 566 1345 606 πο·

220 641 316 732 rugis
337 639 477 723 ὀξύνεται
496 637 539 718 ὥς
559 639 667 726 ἔχοντα
686 639 723 708 τὸ
743 633 769 722 τ’,
790 660 920 724 quorum
940 643 1016 708 illud
1035 644 1231 709 Herodianus
1259 643 1343 706 ideo

220 747 289 814 ectri
310 744 382 812 dicit
404 744 476 827 quie
496 741 679 824 adjectivum
700 745 751 808 sit.
792 743 878 820 Quae
892 760 967 807 vero
981 745 1109 825 primam
1122 751 1236 808 notura
1257 744 1345 807 lon-

220 863 289 926 gum
309 843 433 924 turbent,
455 857 493 906 eo
513 842 541 906 si
559 843 685 923 proprio
706 847 788 924 sunt,
808 840 960 906 Arcadius
975 850 1233 923 proparoxgtona
1257 859 1344 905 esse

221 945 326 1012 docet:
351 937 511 1024 Πύραμος,
532 941 680 1021 Eteonos,
702 957 763 1020 quo
786 939 978 1020 redarguitur
1002 937 1149 1022 Φυλαμός
1169 941 1342 1020 Lycophr.

220 1045 290 1112 odd.
314 1047 451 1120 orgtono
471 1047 590 1122 contro,
610 1056 689 1120 quoe
709 1055 762 1102 res
783 1055 960 1104 communes
975 1038 1153 1119 designent:
1176 1034 1342 1121 οὐλαμός,

219 1135 355 1234 magde
375 1146 433 1204 did.
482 1137 663 1218 Ambiguum
691 1145 741 1202 est
773 1133 921 1220 Πύραμος
947 1134 1081 1220 ποταμός
1108 1175 1146 1184 -
1178 1135 1276 1204 ἄλλοι
1306 1136 1343 1201 δὲ

219 1239 330 1330 χόρτον
350 1239 423 1304 Hes.
446 1253 464 1301 n
484 1231 597 1318 πυρός,
619 1243 704 1318 puto.
746 1236 885 1318 Σίσαμος
912 1237 961 1300 hic
988 1246 1016 1300 ct
1045 1239 1076 1300 iu
1103 1246 1238 1320 utroque
1263 1241 1339 1302 EM.

220 1351 273 1412 out
293 1341 324 1406 in
346 1337 485 1420 Κίσαμος
505 1334 679 1400 mutandum
701 1343 763 1418 out,
784 1337 856 1416 quia
877 1335 937 1399 hoc
956 1337 1075 1400 abrevi
1089 1335 1205 1400 orditur
1222 1337 1338 1401 Noun.

220 1443 295 1514 ,titt
316 1439 385 1504 237.
408 1437 440 1502 in
460 1429 618 1520 Σήσαμος,
640 1433 722 1516 quood
744 1451 784 1500 ue
805 1451 861 1516 por
874 1435 1105 1498 iotuscribatur
1121 1437 1201 1498 siout
1217 1445 1337 1500 cetera

220 1536 478 1624 tugpcrdisyllubm
499 1550 628 1617 quorum
649 1532 770 1613 syllaba
790 1533 916 1596 initiatis
931 1532 1008 1597 duas
1024 1532 1148 1597 easdem
1163 1551 1338 1598 consonas

219 1639 321 1708 uoooli
349 1637 562 1716 circumjectos
590 1633 714 1710 Ιαιίαῐ,2
746 1638 868 1696 cnutum
904 1639 952 1696 est
980 1633 1170 1712 Theognosti
1202 1649 1338 1696 canone

219 1755 310 1810 tinum
332 1729 468 1820 σήσαμος
488 1732 670 1815 excipientis
692 1748 722 1812 p.
743 1730 793 1814 05,
814 1730 843 1796 9.
886 1733 990 1795 Tertio
1016 1731 1100 1795 addit
1127 1731 1336 1811 propriorum

220 1848 250 1908 et
272 1837 476 1924 epitirotorum
497 1829 775 1912 antepenultimam,
796 1831 823 1894 si
845 1831 1002 1912 positione
1016 1830 1110 1912 longa
1129 1832 1178 1912 sit,
1199 1839 1335 1893 acutam

121 2009 123 2016 ,
220 1955 292 2008 esse
319 1929 468 2018 ἄρταμος,
500 1925 678 2012 Πέργαμος,
707 1923 843 2012 ῖμααμος
867 1966 908 1976 -
935 1924 971 1993 τὸ
998 1923 1103 2012 μέντοι
1129 1927 1286 2010 κίνὸαμος
1316 1922 1336 1992 ὁ

218 2031 338 2124 ἑλιγμός
366 2027 507 2112 ὀξύνεται
530 2021 756 2112 προςγγορικὸν
783 2023 830 2092 ὄν.
872 2029 987 2093 Horum
1016 2029 1143 2110 primum
1170 2045 1333 2092 unacum

220 2139 314 2206 terito
337 2127 487 2216 διαρτάζω
507 2127 573 2194 ΕΜ.
595 2126 634 2192 nd
654 2126 783 2210 διαίρειν
804 2129 907 2194 refert.
950 2127 1010 2192 Pro
1041 2130 1131 2192 tertio
1161 2144 1199 2190 en
1224 2127 1330 2191 Cram.

219 2241 240 2308 1.
261 2235 331 2306 did.
353 2233 405 2300 ubi
426 2229 537 2298 similia
556 2235 782 2310 proponuntur,
804 2234 934 2310 opponet
955 2225 1150 2290 scribendum
1172 2243 1249 2290 esse
1279 2223 1331 2308 ἐμ-

218 2333 361 2422 αὲραμος,
381 2329 464 2415 quod
494 2327 532 2392 ob
561 2321 690 2410 ἐμπερής
706 2325 830 2391 dirutum
858 2332 906 2392 est
927 2327 992 2389 fere
1013 2332 1046 2388 ut
1068 2326 1106 2389 ab
1128 2325 1192 2408 ἴτης
1216 2323 1331 2410 ἰταμός

220 2435 324 2504 Senot.
345 2431 421 2496 l‘tot.
441 2427 511 2496 tto.
533 2433 664 2490 occentu
685 2431 803 2508 tomen,
825 2425 896 2507 quia
917 2424 1162 2505 purusgntheton
1184 2432 1252 2509 est,
1278 2426 1330 2489 di-

218 2551 320 2600 verso.
362 2529 422 2594 Pro
444 2524 592 2607 κίνὸαμος
613 2523 817 2608 Goettlingius
831 2525 868 2590 de
882 2526 955 2589 Aoo.
972 2540 1000 2605 p.
1016 2523 1083 2588 194.
1099 2526 1177 2588 scite
1194 2527 1330 2606 corrigit

218 2623 413 2712 αινὸαλαμός,
436 2642 496 2708 quo
518 2631 645 2708 recepto
668 2619 788 2708 ἑλιγμός
807 2627 838 2688 in
860 2619 986 2706 σχισμός
1006 2622 1181 2687 mutandum
1208 2625 1272 2688 crit
1295 2630 1328 2687 ut

219 2731 324 2800 dolen.
346 2727 447 2792 Gloss.
469 2717 662 2808 σχινδυλὴσει
681 2725 828 2808 σχίσματα
848 2721 902 2788 καὶ
922 2717 941 2787 ὁ
962 2717 1166 2804 σχινδαλαμός
1186 2719 1277 2804 παρὰ
1290 2744 1327 2786 το

217 2828 365 2912 ἐσχίσθαι.
406 2825 630 2890 Femininorum
650 2824 798 2888 nonnullo
820 2823 999 2888 masculinis
1021 2839 1141 2886 annexa
1159 2829 1242 2905 sunt,
1266 2829 1326 2886 θα-

217 2925 313 3013 λάμη,
335 2919 471 3008 καλάμη,
493 2921 554 2988 ulia
575 2923 640 2986 suis
662 2923 799 2986 nituntur
819 2922 992 3005 radicibus,
1010 2917 1150 3004 witigo,
1179 2918 1325 3004 σπιθαμὴ

151 3015 153 3020 ’
217 3025 252 3094 ἐκ
270 3027 328 3092 τοῦ
350 3025 443 3102 cotto
465 3016 501 3086 τὸ
522 3017 644 3086 corsivo
665 3013 717 3103 ἀφ’
740 3007 781 3084 οὗ
801 3015 911 3105 cordio
931 3014 949 3084 ὁ
971 3015 1117 3104 ἐπιμήκης
1137 3021 1225 3083 Eust.
1249 3021 1323 3102 996,

218 3127 267 3194 25.
290 3142 351 3210 quo
373 3122 481 3188 melius
503 3120 578 3185 nihil
599 3120 740 3201 offertum
761 3113 880 3203 ὀρχάμη
900 3121 941 3204 γῆ
960 3120 1067 3184 δασεῖα
1084 3113 1223 3199 δένδροις
1244 3119 1323 3184 Poll.

218 3225 380 3308 diversum,
395 3229 428 3286 ut
450 3221 579 3302 videtur,
602 3219 640 3283 ub
661 3213 759 3303 ὀρχμή
779 3227 809 3284 et
830 3214 948 3302 ὀρκάνη
971 3236 1105 3301 saepes3
1126 3216 1272 3304 γαγγάμη
1294 3224 1324 3283 et

216 3319 375 3408 γάγγαμον
399 3315 520 3400 νεύρων
546 3313 661 3400 πλέγμα
688 3318 852 3394 coxendice
878 3317 946 3402 περὶ
972 3316 1029 3384 τὸν
1054 3312 1197 3403 ὀμφαλὸν
1227 3315 1245 3382 ὃ
1270 3341 1323 3383 κα-

217 3417 310 3488 λεῖέαι
330 3417 382 3486 καὶ
403 3414 523 3502 σαγήνῃ
542 3415 619 3482 Poll.
640 3417 701 3482 hoc
723 3425 771 3482 est
792 3419 902 3500 plexus
926 3420 1082 3484 coeliacus
1105 3420 1171 3482 sive
1193 3419 1321 3500 solaris,

217 3524 266 3588 cui
287 3522 415 3586 similem
443 3535 607 3584 nervorum
628 3518 750 3599 plcxum
769 3518 916 3600 ganglion
942 3523 1072 3598 uocant3
1107 3513 1237 3600 ῥαθάμη
1268 3517 1322 3605 ῥᾳ-

217 3615 319 3703 στώνη
346 3620 419 3685 Hos.
446 3619 584 3700 ignotum
611 3615 681 3681 eliis
708 3616 841 3699 ideoque
869 3619 1056 3700 suspectius.
1104 3617 1188 3681 Haec
1219 3619 1321 3682 omnia

216 3725 369 3801 berytum
390 3724 461 3783 sunt
483 3723 571 3781 extra
589 3710 730 3800 σπιθαμή
753 3723 793 3800 et,
814 3717 843 3781 si
857 3716 1021 3782 Castorum
1034 3717 1203 3783 sacrarium
1221 3717 1321 3797 signi-

218 3907 511 3923 μ

281 4033 312 4102 2)
330 4036 474 4102 Γίγαρτον,
494 4027 607 4098 διδαχή.
627 4029 750 4098 δίδυμος,
770 4031 875 4088 τίτανος
893 4038 945 4087 etc.
962 4029 1096 4088 Contraria
1115 4031 1229 4096 τὴτινος,
1248 4034 1317 4098 κηκῖ-

217 4115 287 4176 διον,
305 4113 456 4180 Adienos,
475 4111 623 4181 quomodo
643 4115 822 4182 excusaverit,
842 4128 894 4169 non
912 4121 1027 4185 apparet.
