2788 4986
226 257 274 326 28
586 259 913 328 ulssnnrnrlo
945 261 965 328 1.

228 425 276 490 sio
298 423 450 490 Homerus
478 431 510 490 ct
537 424 693 491 Hesiodus
716 426 794 509 βοῦς
819 427 934 510 ταῦρος
962 431 994 492 et
1022 420 1069 501 ὄϊς
1095 419 1218 509 ἆροειός
1240 447 1341 494 usur-

227 529 303 604 pant
331 523 440 588 eodem
469 523 628 588 intellecto
658 541 719 606 qno
748 524 839 606 vulgo
869 520 917 600 ὄϊς
941 520 1041 608 ἄρσην
1068 531 1099 588 et
1126 527 1204 606 βοῦς
1233 524 1340 612 ἅρσην

228 619 289 686 diei
314 621 406 688 solet.
448 621 581 688 Proinde
603 624 759 704 quaeritur
784 623 864 705 apud
892 623 1080 688 Herodotum
1101 624 1149 689 lll.
1173 626 1243 692 112.
1274 629 1341 692 τῶν

226 718 325 802 αἰγῶν
338 719 403 784 τῶν
413 715 537 802 τράγον
557 725 657 784 utrum
678 722 757 786 alter
769 723 921 803 genitivus
935 723 1064 786 alterum
1077 730 1165 803 regat
1179 725 1211 788 oi
1225 723 1341 810 τράγοι

226 818 289 888 τῶν
318 817 416 901 αἰγῶν
446 835 487 883 an
516 836 609 900 caper
639 819 698 886 dici
728 823 831 902 possit
858 820 907 898 οἴξ
933 817 1046 904 τράγος
1073 822 1134 885 hoe
1161 831 1210 888 est
1237 821 1257 890 ὁ
1288 826 1341 905 αἲξ

227 911 367 1002 Adpone
393 918 485 984 Paos.
506 918 554 983 lV.
575 918 625 1002 20,
646 918 675 982 2.
731 920 881 984 Convenit
908 919 1029 1000 quidem
1057 920 1139 1001 quod
1167 925 1339 1004 caprificus

226 1019 246 1084 i.
259 1035 284 1084 e.
297 1012 317 1100 ἡ
331 1010 432 1100 ἀγρία,
446 1010 467 1100 ἡ
481 1011 580 1100 ἄρσην
594 1016 675 1098 συκῆ
690 1015 772 1099 apud
785 1018 959 1084 Messenios
972 1035 1085 1085 nomen
1099 1019 1205 1083 habuit
1218 1020 1339 1105 τράγος

196 1155 203 1168 ·
228 1123 259 1180 et
279 1132 407 1180 maenae
429 1133 530 1180 mares
553 1125 691 1197 tempore
708 1116 897 1181 catulitionis
912 1113 1020 1200 τράγοι
1037 1118 1132 1182 Arist.
1151 1119 1186 1182 H.
1203 1121 1241 1186 A.
1257 1123 1337 1188 Vlll.

226 1213 276 1278 30.
304 1212 360 1278 sed
388 1214 472 1296 quod
500 1217 640 1280 omnibus
669 1215 809 1296 partibus
839 1216 938 1280 simile
972 1218 1014 1281 sit
1042 1219 1214 1297 exemplum
1249 1223 1336 1304 apud

225 1311 363 1377 Graecos
385 1320 459 1394 post
480 1314 647 1378 Hesiodum
668 1329 732 1377 non
752 1315 883 1394 reperio.
933 1315 1017 1379 llaec
1037 1322 1138 1378 autem
1160 1322 1336 1398 praefanda

225 1409 297 1476 duxi
324 1429 385 1494 qao
408 1413 517 1478 melios
537 1415 701 1478 universae
722 1413 868 1496 regionis,
898 1429 988 1494 quam
1009 1421 1230 1494 peragraturus
1253 1438 1335 1506 sum,

224 1511 356 1578 ambitus
378 1519 522 1594 tanquam
544 1529 583 1576 ex
604 1512 706 1593 aliqua
727 1511 856 1592 specula
876 1512 1015 1593 prospici
1036 1521 1154 1592 posset.

307 1619 336 1687 §-
363 1612 392 1676 4.
439 1611 506 1676 lam
534 1626 608 1673 vero
631 1607 670 1672 ad
699 1626 768 1672 eam
795 1627 890 1674 serus
919 1609 1147 1676 discriminandi
1174 1616 1333 1684 rationem

222 1708 403 1790 progrediar
417 1725 505 1791 quae,
527 1709 599 1788 quie
620 1706 689 1772 sola
710 1709 842 1774 nominis
864 1707 1069 1774 declinatione
1088 1711 1227 1797 allicitur,
1250 1733 1332 1796 pro-

221 1809 288 1889 prie
315 1808 411 1872 motio
438 1807 622 1872 nominatur.
669 1806 745 1886 Ejus
774 1808 897 1888 species
919 1814 990 1872 sunt
1010 1809 1174 1893 plurimae,
1204 1813 1332 1894 simpli-

221 1908 346 1971 cissima
368 1924 405 1971 ea
426 1923 487 1988 qua
509 1904 740 1968 terminationes
764 1906 952 1971 masculinae
973 1913 1128 1971 mutantur
1148 1909 1180 1974 in
1202 1912 1331 1977 femini-

219 2021 277 2070 nas
305 2007 372 2070 sine
398 2006 461 2069 ullo
491 2005 685 2068 extrinsecus
712 2004 921 2069 incremento:
958 2001 1030 2070 οὔτε
1049 2007 1126 2081 θεᾶς
1144 2002 1215 2084 υἱὸς
1234 2012 1330 2094 φίλος

219 2100 290 2170 οὔτε
313 2107 402 2169 θεοῖο
430 2105 462 2169 ll.
484 2104 519 2169 X.
541 2101 590 2168 59.
615 2104 661 2178 τίς
678 2104 763 2167 θεῶν
782 2100 804 2184 ἢ
824 2104 904 2167 θεᾶν
929 2105 1042 2169 Aesolr.
1064 2105 1150 2186 Sept.
1171 2107 1221 2173 91.
1252 2111 1328 2192 (pro

218 2221 280 2285 quo
301 2203 495 2285 Antiphanes
519 2202 630 2266 Athen.
651 2202 721 2266 423.
737 2202 769 2268 C.
791 2219 949 2284 paragoge
978 2219 1055 2266 usus
1083 2211 1131 2268 est
1158 2207 1246 2270 θεῶν
1272 2207 1328 2273 καὶ

217 2301 366 2384 θεαινῶν)
396 2309 427 2366 et
452 2302 485 2365 in
511 2300 689 2382 quotidiano
712 2318 855 2367 sermone
881 2299 924 2384 μὴ
944 2296 1004 2383 γὰρ
1024 2293 1103 2364 εἶναι
1122 2297 1224 2386 αὐτὴν
1244 2302 1327 2371 θεὸν

217 2394 295 2466 ἀλλὰ
314 2395 659 2482 praeonominatum
686 2400 860 2466 Secundum
880 2401 982 2466 locam
1005 2401 1144 2465 obtinent
1163 2403 1325 2472 hominum

216 2501 341 2564 nomina
361 2495 455 2581 κόρος
474 2495 567 2582 κόρη,
596 2515 673 2580 puer
694 2515 805 2582 puera,
830 2500 876 2564 vir
897 2501 972 2583 vira,
1000 2501 1122 2564 tertium
1144 2503 1324 2570 animalium

216 2614 293 2679 aper
314 2615 398 2682 apra,
420 2616 514 2680 caper
535 2615 639 2682 capro,
661 2615 759 2679 pavus
782 2616 870 2682 pavo,
892 2615 1007 2681 porcus
1028 2615 1127 2679 porca
1148 2607 1206 2665 etc.
1234 2602 1323 2668 llaec

216 2703 319 2764 autern
341 2699 484 2762 feminina
506 2697 678 2762 derivamus
702 2715 720 2760 a
741 2697 919 2762 masculinis
941 2699 1038 2778 magis
1060 2704 1189 2778 propter
1210 2703 1323 2765 excel-

214 2795 339 2860 lentiam
360 2813 455 2861 sexus
469 2813 559 2878 quam
573 2814 633 2877 quo
649 2803 772 2861 constet
788 2804 858 2860 ntra
871 2797 949 2860 utris
962 2797 1185 2861 concesserint.
1218 2799 1321 2864 Varro

215 2893 253 2961 de
274 2895 306 2960 L.
328 2895 360 2960 L.
381 2895 430 2960 IX.
452 2895 502 2979 38,
525 2895 593 2960 140.
617 2897 699 2976 olim,
728 2897 836 2979 inquit,
865 2912 973 2959 omncs
993 2912 1101 2959 moces
1124 2899 1156 2958 et
1174 2896 1322 2976 feminae

215 2993 402 3058 dicebantur
423 2994 588 3059 colombae
609 3031 650 3041 -—
671 3013 755 3060 nunc
770 2999 903 3077 propter
925 2994 1115 3058 domesticos
1143 3011 1225 3058 usus
1255 3014 1321 3079 cp-

209 3094 354 3172 pellotor
378 3110 450 3157 mas
479 3093 659 3175 columbos,
689 3094 811 3175 semiue
834 3093 999 3170 colomba·
1033 3109 1133 3174 neque
1161 3109 1226 3158 non
1253 3098 1320 3160 veri

214 3190 313 3253 simile
333 3190 454 3255 uidetur
473 3189 632 3275 περιστερά
653 3194 807 3274 antiquius
830 3210 901 3257 csse
923 3209 1014 3273 quam
1029 3185 1211 3274 περιστερός,
1233 3196 1321 3274 quod

212 3288 390 3353 Athenaeus
411 3290 460 3356 ill.
473 3291 542 3358 395.
559 3295 595 3358 A.
617 3294 739 3376 Atticis,
759 3293 912 3357 Lucienus
929 3290 1078 3355 Pseudos.
1101 3298 1130 3366 §-
1145 3291 1172 3356 7.
1194 3292 1321 3357 affecta-

215 3434 507 3448 ————

280 3513 325 3582 18)
350 3513 388 3569 Ci.
413 3516 551 3571 llermann.
577 3514 820 3584 canpaniae.
846 3511 940 3568 Contra
961 3514 1077 3580 regulam
1101 3520 1195 3581 peccet
1219 3532 1317 3582 curipo-

211 3595 305 3650 no‘tem
328 3601 407 3650 θεοῖο
432 3599 648 3667 implicuere.
672 3603 700 3653 et
725 3597 793 3666 apud
817 3599 890 3667 ipsos
912 3597 1013 3652 Atticos
1030 3596 1071 3665 μὰ
1089 3595 1125 3646 τώ
1144 3595 1216 3656 θεώ,
1248 3613 1317 3668 qrrae

212 3686 252 3736 est
269 3683 455 3748 σονέμνιτωσις
471 3684 566 3751 γένους
583 3680 614 3732 ἐν
630 3679 751 3750 σχήματι
768 3681 889 3749 Apollon.
908 3681 979 3748 Syrti.
996 3682 1016 3734 1.
1030 3681 1072 3747 21,
1085 3681 1126 3736 58·
1146 3679 1237 3733 Sciet.
1252 3681 1315 3735 Rav.

111 3806 115 3816 .
209 3766 236 3817 ili
254 3764 356 3819 Thestii.
374 3765 494 3833 5664112
513 3764 548 3816 ιώ
566 3763 622 3818 θεοῦ
643 3762 678 3822 ὡς
695 3763 731 3815 το)
745 3771 837 3833 χεῖρε,
858 3763 945 3816 οὐκέτι
965 3763 994 3816 δὲ
1011 3762 1053 3832 μὰ
1072 3769 1132 3813 τοῖν
1150 3766 1232 3814 θεοῖν
1249 3763 1317 3815 ἀλλὰ

208 3846 250 3914 μὰ
270 3854 333 3899 τοῖν
349 3852 441 3908 θεαῖν,
461 3847 530 3918 quod
551 3849 593 3900 uix
610 3849 737 3905 inuenies.
779 3847 832 3903 Sed
849 3852 910 3898 τοῖν
926 3847 1035 3900 notiore
1053 3845 1126 3901 allent
1142 3846 1233 3900 Schol.
1253 3847 1314 3900 Eur.

209 3931 273 3988 lieo.
300 3932 359 3988 367,
385 3937 445 3984 τοῖν
467 3936 565 4001 χεροῖν
592 3929 653 3984 Scir.
681 3931 788 3987 lucian.
814 3931 847 3987 de
870 3931 933 3986 Salt.
960 3931 984 3994 ς.
1006 3932 1032 3987 5.
1061 3943 1113 3985 nec
1138 3929 1234 3985 desunt
1264 3931 1316 3985 alia

208 4029 232 4068 r.
250 4014 375 4076 llatthiae
393 4015 505 4070 Gramm.
524 4013 549 4078 §.
563 4014 605 4070 80.
624 4012 691 4068 Adn.
707 4017 732 4072 5.
751 4015 775 4078 §.
790 4015 849 4074 28¹.
873 4019 899 4071 at
916 4015 975 4074 tte.
997 4017 1041 4085 qui
1059 4015 1147 4069 omisit
1158 4013 1240 4066 παῖδ’
1257 4013 1316 4083 ἐμώ

210 4098 302 4167 tilios}
323 4097 384 4153 Eur.
403 4098 493 4166 Suppi.
515 4098 572 4154 lto.
