2758 4994
227 284 278 348 ur
300 281 519 349 uouemus
542 282 585 348 ια
605 285 626 367 ρ
643 281 903 350 affluamus.
928 293 958 360 ς.
975 285 1005 350 3.
1102 281 1174 358 oto

36 448 210 514 dissimile
238 451 359 514 nouitio
385 445 509 531 ἕχοντρα
535 448 556 512 i.
580 466 609 530 q.
638 444 744 530 ἔχιδνα
772 468 800 514 v.
828 451 876 516 llu
905 451 999 530 Caug.
1028 449 1067 514 atl
1096 450 1175 519 haec

34 551 211 632 τρίκτειρα
243 541 264 628 ἡ
295 543 422 627 τριτούα
447 547 520 612 Hes,
550 553 581 612 el
607 542 760 630 μέμφειρα
786 542 806 630 ἡ
834 543 948 631 μέμψις
973 549 1061 615 Prot
1089 547 1173 629 quod

37 656 163 712 tamen
185 646 328 728 repudiat
342 647 513 711 lleiuolrius
528 646 613 710 Com.
628 647 675 711 Fr.
689 648 721 711 Τ.
740 648 775 712 ll.
792 648 864 716 376.
885 643 1049 730 ρέμαιοιρα
1063 641 1084 730 ἡ
1100 667 1171 728 μιμ-

37 743 183 830 φομένη
211 745 364 812 seribeus.
405 750 468 810 Aut
489 747 617 827 propria
638 747 835 829 laminarum,
866 743 984 826 Δάειρα
1012 763 1171 822 amaseo-

32 849 107 912 lino
136 840 250 928 Λάης,
273 863 334 927 quo
355 841 485 927 δαήμων
505 845 555 908 vel
575 839 692 927 δαηρός
713 845 879 924 siguilioari
900 840 1169 927 potestativae

32 946 126 1028 ρα23
147 964 171 1009 a
192 945 295 1026 Ναίης
314 945 431 1008 Aueetl.
452 944 547 1010 Belilr.
571 944 659 1010 1189.
682 945 731 1008 oui
752 944 975 1023 homoplrouou
995 941 1103 1024 νάειρα
1121 943 1167 1011 δε-

33 1062 172 1110 σποινα
193 1043 364 1108 Salmasius
387 1042 543 1122 llosyolrio
566 1045 701 1108 restituit
723 1060 780 1125 pro
802 1037 927 1122 νολερρα,
947 1043 1059 1111 eodum
1079 1045 1167 1117 iutel-

31 1147 133 1210 leotu
167 1149 203 1206 ut
227 1135 366 1222 ναέαειρα
394 1137 611 1206 οἰκοδέσποινα
639 1143 658 1208 i.
681 1159 707 1206 e.
738 1141 935 1224 deauratio,
963 1136 1096 1221 Ἰάνειρα
1123 1142 1163 1216 ab

33 1245 142 1308 latum
167 1239 271 1306 Solol.
287 1239 358 1302 llos.
377 1239 492 1320 lleog.
507 1238 578 1306 356.
592 1241 642 1304 oui
658 1242 828 1304 assentitur
840 1241 1034 1308 llerurouuus
1050 1241 1163 1323 Opust.

32 1344 89 1408 vl.
119 1341 153 1408 1.
178 1339 247 1404 112.
268 1331 400 1416 Ἱλάειρα
427 1337 500 1404 ulilti
526 1338 732 1420 disreptatuur
759 1339 920 1405 plurali
943 1340 1164 1420 2183111111-

34 1443 158 1506 lioium
180 1433 315 1517 Κάιιρα,
346 1437 482 1516 toplouut
500 1436 645 1520 Αἴγειρα,
675 1439 724 1502 oui
745 1438 894 1519 αἴγειρος,
921 1437 1030 1519 Αἰγαί,
1052 1438 1163 1520 Αἴνιον

35 1557 152 1622 aeque
182 1537 336 1630 apposita.
371 1535 561 1601 Neutralium
589 1536 650 1602 duo
679 1545 752 1602 suut
773 1531 896 1619 ὄνειρον
916 1544 947 1602 ot
968 1534 1163 1620 κύπειρον.24

35 1637 242 1721 Diplrthougi
262 1657 298 1700 av
325 1634 364 1698 ad
392 1650 570 1714 paragogen
592 1636 746 1700 adhibitae
768 1636 940 1717 exemplum
962 1653 1054 1700 uuum
1074 1632 1162 1705 ἄλεν-

38 1762 104 1821 ρον
118 1730 210 1817 παρὰ
226 1730 263 1798 τὸ
284 1727 363 1798 ἄλλα
384 1735 473 1798 offert
486 1733 573 1800 Eust
596 1734 686 1815 1885,
707 1731 757 1798 22.
780 1736 828 1798 oui
850 1735 1004 1800 auteoedit
1022 1735 1162 1801 homeri-

36 1853 114 1900 cum
139 1827 274 1900 ἀλελαια.
302 1833 342 1896 Et
364 1831 402 1895 ad
423 1831 503 1896 hauo
523 1849 662 1896 uorruoru
684 1826 839 1914 οδέλοιαρ
859 1833 1027 1898 Numenius
1046 1834 1157 1908 Athea.

33 1935 113 2001 287.
137 1936 176 2000 Α.
198 1932 325 1996 iuuisse
346 1930 467 1995 videtur
488 1927 648 2011 δέλενρον,
681 1947 738 2011 pro
767 1947 828 2012 quo
856 1939 957 1996 tarueu
985 1931 1158 2010 Soltueitle-¹

35 2052 94 2099 rus
125 2028 271 2111 δέλετρον
300 2029 497 2096 soribeudurri
530 2045 602 2096 esse
632 2028 768 2111 judicat,
804 2029 887 2111 quod
917 2031 1044 2111 saepius
1075 2030 1157 2110 lepi-¹

36 2139 109 2213 tur;
149 2130 327 2211 pariterque
353 2129 454 2192 variat
482 2123 654 2208 οαάλινρον
680 2124 836 2209 ἐργαλεῖον
856 2129 919 2190 τοῖν
940 2123 1155 2210 maereat

37 2230 70 2294 oi
100 2231 167 2294 νῦν
194 2225 367 2307 ονάλεθρον
395 2226 472 2290 Poll.
494 2228 556 2294 Vll.
577 2228 627 2294 22.
656 2228 714 2290 ubi·
737 2229 932 2292 mouilesturu
960 2234 1010 2293 est
1035 2229 1156 2300 instrue

36 2334 181 2394 mentum
203 2325 368 2406 significari
391 2329 458 2405 ejus
479 2327 619 2409 generis,
641 2325 724 2408 quoti
745 2328 846 2392 nostri
868 2327 994 2390 luruorii
1014 2326 1155 2392 Selour-

39 2431 135 2493 eiseo
161 2426 212 2490 vel
232 2424 467 2503 setoorstaopo
496 2431 527 2489 et
553 2424 837 2506 Xotlensoltottsel,
871 2425 980 2490 Graeoi
1008 2419 1155 2507 ποράμην

38 2532 169 2608 vocant,
190 2524 291 2588 Latiui
311 2523 498 2588 retaliatum
519 2540 542 2585 ο
558 2524 743 2603 proruendo
765 2526 838 2604 ipae
859 2527 1009 2588 ooootttm
1026 2523 1108 2588 lest.
1123 2531 1154 2588 ot

39 2625 210 2686 mauilosta
238 2622 386 2687 derivatio
415 2638 435 2684 a
461 2622 558 2686 verbo
584 2617 741 2701 οααλεύω,
771 2639 867 2704 quare
888 2623 938 2686 lrio
958 2617 1153 2703 οιιοὶλανθρον

40 2719 281 2804 praeferendum
303 2737 320 2784 e
343 2719 431 2784 ootld.
454 2727 484 2784 et
506 2736 562 2802 pro
590 2719 688 2785 altero
717 2717 915 2802 σαάλευθρον
934 2720 1039 2802 potius
1061 2739 1153 2802 quaro

40 2819 127 2902 quod
148 2820 238 2885 Phot.
260 2827 290 2884 et
310 2819 382 2886 llos.
403 2819 553 2903 praebent
574 2815 795 2904 σαάλαυθρον,
817 2821 867 2884 rel
887 2813 1068 2903 οαοὶλαθρον
1089 2837 1150 2901 quo

109 3043 158 3112 23)
178 3041 271 3098 Clarae
290 3045 350 3096 suut
368 3041 525 3110 Cleopatrae
544 3041 655 3100 famulae
678 3039 784 3111 Νάειρα
815 3042 862 3094 καὶ
888 3037 1032 3111 Καρμιόνη
1056 3041 1148 3098 Galen.

43 3127 122 3184 Ther.
140 3126 213 3180 Vlll.
230 3125 289 3182 235.
306 3125 334 3178 l.
354 3125 422 3180 lllll.
459 3125 515 3179 lloo
539 3124 684 3195 Χαρμιόνη
709 3125 875 3182 scribendum
899 3125 1002 3182 ridetur
1025 3140 1059 3182 ox
1082 3127 1149 3181 Plut.

44 3211 73 3266 V.
94 3211 192 3266 Artori.
213 3207 328 3262 LXXXV.
353 3208 399 3261 ubi
418 3207 528 3264 eaodem
552 3209 678 3266 mendose
695 3212 781 3278 Εἴρας
797 3210 844 3261 καὶ
864 3206 994 3277 Χάρμιον
1016 3217 1149 3278 uocantur,

46 3302 72 3352 ei
91 3296 183 3350 Tzelz.
205 3291 271 3346 Chil.
292 3291 335 3346 Vl.
354 3291 413 3348 282.
439 3290 668 3361 11111Χαρμιουνώ
687 3294 733 3343 καὶ
751 3291 862 3362 Τάειρα.
880 3291 937 3347 Nisi
955 3292 1076 3348 1111811111
1094 3308 1148 3362 pe-

42 3381 148 3448 regriua
165 3378 270 3430 uomina
287 3381 315 3429 ut
331 3372 475 3444 Στάτειρα,
494 3373 644 3445 Σάαφιιρα
658 3381 685 3431 et
692 3373 806 3447 Ἰάειρος
817 3377 844 3428 iu
852 3373 880 3430 S.
892 3375 919 3429 S.
933 3373 1020 3443 [Addo
1031 3375 1147 3433 Soloei-

44 3462 140 3520 tlewiu.
160 3459 193 3514 orl
211 3458 307 3515 Zeuolr.
325 3461 355 3515 V.
374 3461 416 3527 24,
435 3457 505 3528 125]

108 3551 157 3618 24)
176 3548 317 3619 κόνειρον,
333 3550 403 3619 quoti
415 3550 512 3604 Sululos
525 3548 599 3606 allort
608 3549 738 3604 subtracta
752 3548 953 3617 significatione,
967 3548 1148 3616 Theoguostus

43 3653 69 3706 p.
86 3637 130 3703 21,
151 3635 191 3691 te.
212 3630 318 3685 ἁπαλόν
341 3636 523 3703 iuterpretatur
547 3648 562 3687 a
585 3633 697 3688 librariis
714 3633 766 3686 hoe
783 3633 843 3687 loeo
860 3632 977 3700 improbe
996 3638 1145 3701 corruptus:

44 3719 134 3789 αὗμον
165 3717 367 3786 περικεφαλαλα
399 3717 493 3768 πλοίου
517 3731 564 3784 pro
588 3717 656 3780 κυνῆ
679 3716 896 3784 περικεφαλαία,
929 3713 1018 3783 κύμβη
1041 3715 1146 3782 πλοῖον,

47 3819 105 3859 mox
123 3799 249 3868 κῦμορον
265 3799 314 3852 τὸν
330 3798 381 3852 ὑπὸ
401 3801 455 3853 τῶν
471 3798 602 3868 κυμάτων
622 3799 741 3869 ῥοῖιγχος
756 3797 919 3866 βαλλάντιον
940 3813 987 3866 pro
1010 3796 1145 3866 ιιιιματόῤ-

46 3888 111 3960 ροον
128 3883 178 3936 τὸν
197 3881 248 3936 tut
268 3882 324 3934 τῶν
341 3882 472 3952 καμάτων
491 3881 565 3953 ῥοῦν,
584 3899 649 3934 atero
652 3881 718 3951 ῦχος
740 3880 917 3950 βαλλάντιον
945 3881 1005 3938 delii
1030 3881 1148 3940 ιιννωτός

47 3968 132 4038 ρώλον
152 3968 216 4024 ὄνοι
231 3981 279 4035 pro
297 3965 418 4025 αννώιας
433 3965 550 4034 βάλοιο
535 3983 633 4034 ονομα,
655 3966 725 4035 quod
743 3966 834 4020 Pollux
851 3969 967 4020 testatur.
995 3963 1063 4034 [lloo
1080 3979 1146 4032 pro-

47 4055 147 4122 posui·
140 4067 168 4106 ru
185 4051 296 4106 Dissert.
317 4050 351 4107 tle
367 4049 524 4118 nominibus,
544 4063 653 4117 quorum
672 4049 807 4104 elaraeter
825 4052 867 4103 ost
892 4047 1012 4141 lauhun
1038 4053 1146 4117 postro-

48 4153 112 4192 ruuur
127 4139 265 4192 invenerat
281 4133 430 4190 Meiuolius
449 4131 550 4204 Fragro
570 4131 643 4188 Com.
662 4132 720 4189 Vol
740 4133 788 4187 lll.
806 4107 927 4199 332]
