2758 4994
224 261 299 334 ΗΒ
583 261 909 330 DISSERTA'HO
938 261 987 330 tt
1076 323 1079 328 A

221 413 486 514 ’μί-Ἀθάόὁαβις
493 423 721 512 Ἀθαββαβίορς
731 421 945 504 --Ἑκαταῖος
955 423 990 494 il
1004 421 1121 504 tt’bsbo
1136 427 1225 514 ρνοαί
1239 417 1327 511 soon]

222 523 450 610 Ἀθαραμβίαης
461 527 567 610 Steph
579 521 722 610 αουάμβρ
736 527 901 608 aliquoties
919 546 975 610 pro
990 524 1112 612 αυαάβρ
1126 547 1155 592 r.
1170 529 1211 593 ad
1222 529 1328 608 Phryne

224 627 296 696 426-
316 622 454 710 κᾶναβοο
475 633 505 692 et
525 622 688 708 naeuus
710 621 829 708 mitta
850 633 882 690 c
902 623 1042 710 astutio
1063 621 1083 711 i
1106 621 1169 711 ὀπί
1189 630 1250 710 vis
1270 624 1329 691 bi·

224 747 300 809 ρος,
327 719 454 808 bathon
484 732 515 790 et
534 720 682 808 θαλάμβη
709 725 740 789 in
760 725 834 790 Lex.
855 724 995 791 hibertii.
1042 723 1194 808 Συίοβάρ
1217 719 1329 808 (sie)a‘›

224 822 368 910 μοίραρος
388 825 519 888 Vossius
549 831 724 904 opportune
752 826 910 907 componit
931 841 999 888 eunt
1028 827 1153 890 nomine
1180 826 1328 906 cauponis

224 927 404 1006 Aeginetae,
425 940 515 1004 quern
537 928 568 987 et
589 923 641 988 alu
663 923 822 988 celebrant
843 923 1005 986 altarisio
1026 925 1177 988 nominati
1198 924 1241 988 ad
1256 925 1328 986 Man

227 1027 297 1106 Tyr.
325 1025 372 1090 lli.
392 1023 422 1102 5,
444 1020 495 1086 56.
524 1026 555 1085 et
581 1023 760 1088 Athenaeus
788 1022 837 1087 111.
869 1021 937 1088 112.
959 1022 994 1086 E.
1022 1022 1074 1086 ubi
1101 1023 1179 1089 Edi.
1206 1032 1328 1088 veteres

226 1121 396 1206 Σάραμβος
421 1117 474 1184 καί
502 1115 649 1201 Σάραβος
675 1138 695 1184 a
722 1119 815 1185 docte
838 1118 971 1201 quodam
992 1119 1125 1205 lectore,
1156 1129 1190 1186 ut
1211 1120 1329 1185 videtu

218 1223 416 1304 adscriptum
436 1221 475 1284 ci.
496 1219 626 1284 bleineiu
647 1219 714 1286 Vol
730 1219 864 1286 1V.525.
885 1212 1055 1301 Σήραμβος
1074 1221 1124 1284 hic
1145 1239 1165 1286 a
1186 1223 1329 1288 Dicaear-

224 1323 284 1390 ebo
312 1326 442 1384 vocatur
468 1325 502 1382 ut
529 1325 560 1383 et
586 1317 677 1382 fletur
695 1317 882 1398 Aeginensis
909 1334 928 1381 a
949 1316 1103 1383 Pausania
1124 1321 1174 1405 vt,
1198 1323 1249 1387 10.
1278 1319 1328 1386 sei

225 1415 394 1503 Σήραμβος
414 1411 495 1493 ellos
514 1414 679 1500 κανθάρου
699 1417 771 1482 iles.
792 1417 901 1480 nescio
921 1433 962 1480 au
981 1418 1014 1480 in
1032 1413 1192 1502 αήρομβος
1206 1429 1328 1486 mutau-

224 1517 296 1584 oum
326 1519 382 1598 sit3
414 1533 485 1582 nam
505 1513 666 1597 κάνθαρος
699 1521 747 1580 est
778 1513 969 1580 scarabaeus
991 1523 1024 1581 et
1043 1519 1177 1600 ορραφίς
1203 1518 1329 1602 καροβίς

224 1617 297 1684 lies.
313 1609 481 1700 ’βρίμβους
500 1617 675 1682 homericos
697 1613 749 1678 alii
761 1607 898 1695 Ἄραβος
915 1630 988 1679 esse
1001 1616 1175 1701 uoluerunt,
1197 1620 1253 1686 alii
1272 1615 1327 1698 loe

223 1713 354 1800 βουνούς
380 1716 447 1780 sive
466 1710 614 1797 ἐρομυούς
632 1731 661 1778 r.
680 1712 788 1777 Lehrs.
808 1713 904 1777 Arist.
925 1713 995 1778 246.
1016 1721 1047 1779 et
1068 1715 1138 1781 255.
1161 1714 1328 1800 Κόρυμβος

221 1825 256 1884 et
275 1809 401 1901 κορυφή
422 1831 512 1896 quam
541 1815 601 1879 sibi
621 1812 723 1878 acina
744 1812 807 1876 siut
827 1811 877 1874 vel
899 1827 939 1876 err
959 1828 999 1876 eo
1022 1817 1226 1894 cognoscitur
1249 1814 1326 1897 quoi

222 1915 397 1996 Hesychius
419 1911 512 1977 tradit
532 1906 722 1993 Κορύμβους
748 1905 852 1974 πάντα
876 1903 915 1974 τὰ
934 1905 1070 1994 μετέωρα
1096 1911 1151 1978 καί
1178 1915 1223 1990 είς
1249 1911 1327 1989 ὕψος

222 2011 423 2081 ἀνατείνοντα
443 2006 583 2089 ἐκάλουν,
606 2005 683 2074 ὅθεν
703 2003 928 2091 accusationibus
948 2011 1110 2094 κυρβασίαν,
1131 2019 1166 2076 ut
1182 2013 1324 2079 Herodo—
1363 2031 1367 2089 t

223 2123 274 2182 tus
299 2110 459 2196 κόρυμβον
489 2106 577 2192 ὄρεος
603 2109 695 2193 dixit,
724 2108 880 2174 lucianus
906 2105 1096 2194 inocentiae
1126 2108 1322 2194 Παρνασσόν,
1359 2098 1367 2180 ί

221 2214 396 2295 Hesychius
416 2207 556 2294 κόρνφυς
576 2203 732 2290 κόρυμβος
750 2211 936 2289 normico,
959 2210 1089 2276 Tzetzes
1111 2211 1188 2276 Chii.
1211 2212 1235 2276 1.
1257 2210 1321 2276 233.
1359 2202 1363 2261 ἱ

221 2310 376 2396 κόυσοβος
395 2307 447 2375 καί
468 2307 624 2391 κόρυμβος
644 2324 702 2388 pro
721 2302 884 2390 κόσυμβος.
915 2307 1032 2384 Quibus
1045 2310 1116 2376 addi
1128 2319 1238 2392 potest
1251 2327 1321 2392 pro-
1358 2328 1365 2365 r

222 2415 322 2496 prium
339 2404 471 2494 Ἀρύβας
488 2402 640 2490 Ἀρύμβας
660 2425 688 2471 ν.
712 2405 932 2472 Schneidewin.
953 2407 1132 2489 conjectae.
1154 2428 1185 2491 p.
1197 2411 1249 2477 25.
1268 2408 1322 2474 nisi
1358 2388 1365 2484 ᾗ

222 2511 314 2593 hujus
336 2507 472 2574 seeundo
493 2507 613 2587 syllaba
634 2504 672 2569 ad
695 2507 822 2589 stirpem
843 2506 986 2588 pertinet.
1021 2507 1165 2572 Labiales
1187 2526 1321 2574 commu-

222 2617 289 2675 taut
297 2605 450 2690 Kouralios
464 2615 494 2672 et
508 2601 672 2683 Κάνωπος,
685 2604 820 2688 κηραφίς
833 2611 864 2668 et
877 2604 1016 2688 καραβίς,
1031 2605 1087 2669 sed
1101 2607 1186 2686 qnod
1202 2607 1321 2673 Sohuei·

221 2709 316 2774 (ierus
343 2709 472 2772 affirmat
491 2705 699 2786 Ascalaphum
725 2704 764 2769 ab
785 2703 942 2768 Antonino
963 2705 1028 2770 Lib.
1054 2705 1244 2771 Ascalabuur
1264 2723 1320 2772 no·
1364 2713 1365 2726 ¹

222 2809 368 2873 minatum
390 2823 477 2885 esse,
501 2805 611 2868 talsurn
633 2809 700 2884 est;
728 2819 798 2867 nuru
820 2803 960 2866 homiues
982 2802 1095 2868 diversi
1116 2812 1204 2888 sunt,
1226 2807 1274 2870 bie
1292 2806 1319 2867 in
1364 2849 1365 2867 .

221 2906 397 2971 stellionem
419 2911 570 2986 mutatus,
597 2902 650 2966 ille
669 2903 701 2965 in
723 2909 876 2968 noctuam.
917 2903 1047 2967 Romani
1065 2919 1141 2968 vero
1164 2904 1239 2971 beta
1258 2919 1317 2967 curn

219 3023 274 3086 any
295 3009 482 3068 commutant
511 3019 567 3083 pro
597 2996 740 3083 κοκκάβη
761 3002 986 3066 substituentes
1009 3018 1142 3065 ccccmo
1164 3003 1245 3069 unde
1265 3019 1318 3066 no-

222 3107 328 3170 vitium
350 3098 540 3184 κουκούμυου
560 3108 664 3166 uatunr
687 3107 744 3183 est,
766 3117 822 3182 pro
844 3094 976 3182 κοκαάβα
997 3103 1129 3184 ciccano,
1150 3109 1185 3166 ut
1198 3105 1317 3166 Καστο-

222 3199 287 3270 to'v
310 3201 461 3286 Castulo,
484 3208 514 3266 et
536 3199 616 3282 apud
638 3198 775 3263 Graecos
796 3200 885 3280 ipsos
906 3200 1078 3278 Hesychius
1101 3196 1254 3285 ουόίυβος
1272 3217 1317 3264 re-

223 3304 303 3386 perit
331 3319 387 3384 pro
415 3297 582 3382 σκόλυμος,
614 3299 725 3380 quibus
753 3298 852 3361 literis
879 3299 960 3361 inter
988 3316 1023 3362 se
1050 3300 1204 3381 copulatis
1227 3297 1316 3365 extitit

223 3398 415 3483 οκόίυμβρος
435 3418 463 3464 v.
482 3400 532 3464 Du
553 3398 646 3478 Cang.
668 3395 835 3478 eademque
863 3397 1028 3462 similitudo
1055 3400 1135 3462 inter
1163 3399 1316 3464 herbarum

225 3501 389 3566 chororum
410 3500 535 3564 uomina
560 3493 689 3579 θύμβρυ
711 3498 779 3560 sive
806 3491 952 3579 θύμβρου
973 3504 1004 3560 et
1024 3493 1129 3579 θύμος
1148 3495 1257 3580 θύμου
1273 3498 1315 3560 in-

223 3599 382 3666 tercedere
394 3595 541 3663 videtur.³
567 3596 708 3661 Nominis
724 3595 878 3677 peregrini
893 3596 1081 3662 variationes
1102 3595 1236 3682 Κυβββη
1255 3597 1315 3661 Κυ-

224 3754 516 3771 —-—-u——-

289 3867 318 3932 3)
339 3867 498 3932 Σίουμβρον
516 3875 621 3930 quoque
645 3862 688 3917 rel
714 3859 876 3932 σισύμβριον
900 3861 932 3915 ab
958 3860 1040 3917 odore
1066 3876 1161 3918 nomeu
1188 3863 1314 3932 accepisse
1359 3849 1360 3852 ’

223 3939 327 4006 'videtur
344 3953 372 4002 ut
389 3944 487 4014 θύμος,
508 3947 549 4000 cui
569 3951 679 4012 cognata
696 3951 756 4000 suut
773 3943 849 4005 eice,
868 3944 985 4011 θυώδης.
1020 3948 1043 4001 Α
1065 3949 1141 4016 θέρον
1165 3961 1217 4000 ουο
1241 3946 1312 4002 solun

223 4031 329 4102 θερμός
348 4029 396 4086 sed
414 4030 492 4086 eliam
509 4025 606 4098 θιβρός
624 4034 649 4084 el
670 4029 789 4101 θιμβρός
805 4033 990 4100 propriumque
1014 4032 1121 4101 Θίβρων
1143 4035 1170 4086 et
1187 4032 1312 4100 Θίμβρυν.
1358 4019 1359 4057 ί

223 4116 246 4169 Α
264 4115 336 4173 λεῖος
352 4110 464 4180 (rhetos,
485 4113 556 4182 glus]
574 4114 684 4180 primum
701 4111 793 4191 λροσόο
816 4120 904 4170 uatum
925 4122 979 4182 est,
1004 4119 1057 4169 tum
1082 4113 1172 4168 addita
1201 4108 1310 4181 gutturuti
