2768 4994
216 265 290 339 {80
577 249 896 324 oissnnrnrto
929 249 967 314 it

217 433 323 515 Nonae
343 429 446 496 enicat
467 443 546 510 quae
564 421 798 490 declinationem
820 413 1038 501 parisyilabam
1066 419 1247 495 sequnntur
1272 412 1322 476 sei

220 533 313 601 otiu
334 530 395 596 elia
412 518 697 610 Ἀμφιτρυωνιάδης
715 513 871 590 cerimonia
883 511 965 579 ἐστιν
976 507 1046 576 ἀντὶ
1057 514 1116 578 τοῦ
1133 506 1324 596 Ἀμφιτρυω-

219 631 308 716 νλλης
336 629 466 696 Gramm.
494 623 621 704 Gregor.
650 637 680 702 p.
702 619 772 686 ort.
799 611 835 680 τὸ
860 608 1041 696 §commem
1069 607 1134 676 ἀπὸ
1162 615 1223 676 τοῦ
1235 609 1325 693 ’Ἀρης

212 735 344 814 ”Aprpcoa
363 727 478 810 piorem
498 725 585 790 Eost.
606 719 644 786 etl
665 721 753 814 DQ·
775 715 845 782 680.
871 709 1066 797 Φηρητιάῦης
1086 719 1120 776 et
1138 705 1326 794 Ἀφαρητιά·

220 831 293 915 λης,
319 828 431 912 quibam
461 825 611 910 primitive
636 821 668 885 in
696 839 743 894 ιος
769 823 803 880 ut
828 809 976 894 Λαέρτιος
1009 811 1094 876 nnita
1128 817 1326 892 praestructa

221 935 303 996 sunt.
343 927 428 992 liaeo
448 926 539 1006 igiter
558 921 603 986 iiii
624 938 643 984 a
662 915 836 982 nominibus
858 930 920 980 non
941 914 1026 995 poris
1039 918 1116 975 nata
1141 917 1176 976 et
1189 910 1328 992 epectasi

222 1027 405 1110 amplificata
434 1041 507 1090 esse
536 1021 712 1086 decernunt.
755 1014 935 1090 Quaerere
958 1012 1079 1093 aperis
1102 1010 1252 1074 derivata
1272 1026 1326 1072 ro-

223 1127 283 1197 caii
310 1125 403 1207 atpna
424 1127 545 1204 carent,
573 1117 612 1184 eti
641 1115 826 1182 contrariam
848 1113 1027 1194 pleonasmo
1050 1112 1258 1175 aiiectionem
1278 1127 1327 1172 re-

222 1233 350 1295 vocant:
379 1221 409 1288 ot
435 1216 560 1303 ποιηταὶ
585 1211 731 1288 πολλάκις
758 1206 967 1294 ἀποβάλλουσι
992 1203 1029 1273 τὸ
1054 1215 1075 1272 oi
1099 1202 1327 1290 Ἐριχθονίᾶης,

227 1321 440 1406 inuocatione
460 1321 525 1386 ΕΜ.
547 1319 617 1399 210,
641 1315 687 1382 to.
709 1313 808 1380 Crem.
828 1311 850 1376 1.
872 1310 941 1376 422
963 1326 1092 1392 qnorum
1124 1311 1217 1389 prins
1241 1310 1329 1371 etiarn

222 1424 407 1507 Apollonius
430 1419 468 1484 de
490 1419 577 1497 synt.
598 1415 645 1480 iv.
668 1413 717 1496 12,
737 1411 807 1478 335.
823 1409 921 1492 (342.)
936 1407 1155 1489 inexemplum
1169 1423 1327 1488 syncopae

223 1525 325 1604 effert,
347 1519 586 1597 seruorumque
608 1511 799 1595 probabilius
820 1515 869 1574 est
890 1508 928 1571 ab
947 1501 1100 1588 Ἐριχθών
1123 1513 1157 1570 et
1186 1501 1329 1587 Τελαμών

224 1623 407 1690 declinatum
435 1634 523 1698 esee,
549 1622 738 1696 postremum
760 1609 950 1691 praesertim,
972 1604 1053 1686 qnod
1075 1604 1173 1686 plane
1196 1606 1236 1670 ad
1257 1621 1328 1668 nor-

223 1739 303 1790 mann
326 1727 356 1786 ct
376 1717 484 1783 iibrem
506 1716 619 1779 tactum
641 1719 699 1776 est.
740 1708 921 1774 Eustatirios
944 1705 1037 1786 1790,
1058 1704 1108 1770 56.
1132 1705 1223 1769 addit
1243 1707 1328 1768 Kio-

223 1821 325 1904 etopp‚
362 1814 446 1900 quod
474 1810 664 1878 commodius
697 1811 828 1872 retertur
854 1805 894 1870 ad
926 1800 1047 1877 Κλύτος
1083 1810 1118 1866 nt
1153 1805 1328 1885 Hesychius

225 1919 362 2002 Κλυιλόη
384 1915 511 1980 Κλυτοῦ
533 1910 607 1992 (sic)
628 1912 694 1988 παῖ,
715 1923 806 1991 quarn
834 1903 1014 1987 praesertim
1044 1901 1106 1966 hoc
1135 1905 1224 1984 apud
1251 1904 1328 1968 Pau-

225 2023 342 2090 saniam
364 2017 503 2096 aliosque
524 2011 614 2092 hujus
634 2009 752 2072 numeri
772 1998 942 2086 scriptores
962 2002 1091 2082 legatur,
1114 2018 1254 2081 qnorum
1274 2005 1327 2066 sti-

224 2122 274 2188 los
296 2121 336 2186 ab
356 2119 417 2184 hoo
436 2113 560 2196 poetico
582 2114 745 2188 augmento
767 2105 922 2169 abhorret.
941 2102 1009 2165 Hoc
1023 2099 1061 2164 dc
1077 2101 1228 2166 omnibns
1242 2103 1328 2182 valet,

225 2235 356 2306 quorum
377 2213 490 2296 duplex
510 2212 632 2293 specics
653 2205 805 2288 reperitur
820 2200 1010 2284 Γοργλδηςοι
1025 2194 1215 2282 repperiens,
1227 2198 1328 2265 Ἀπολ.

226 2318 357 2401 λονλὸης
385 2322 415 2380 ολ
439 2302 699 2388 Ἀπολλωνιάδης,
728 2301 864 2386 Χαρίδης
891 2307 922 2364 ci
949 2294 1123 2382 Χαριάδης,
1155 2307 1328 2380 quaesunt

228 2421 419 2487 diversorum
448 2410 602 2476 hominnm
633 2405 773 2483 nominc,
806 2399 971 2466 eorundem
998 2415 1072 2462 vero
1100 2401 1274 2483 Ascanione
1301 2407 1326 2463 et

228 2510 416 2596 Ammontem
435 2529 465 2576 r.
492 2503 670 2575 Schneider.
698 2501 737 2568 ati
757 2500 833 2564 Xon.
854 2499 932 2564 Hell.
955 2498 987 2561 V.
1010 2497 1042 2581 2,
1063 2497 1113 2561 26.
1140 2499 1327 2580 Λιουυολλης

228 2605 507 2691 ammonendos,
536 2604 701 2684 cademque
727 2600 834 2664 mulier
859 2596 936 2662 alias
964 2597 1126 2674 Διονυολς,
1160 2600 1249 2678 qnod
1276 2617 1325 2664 sn-

229 2721 351 2800 spectet
377 2710 502 2778 Bestius
530 2705 570 2769 ad
594 2701 722 2780 Longin.
746 2716 774 2779 p.
802 2697 910 2762 640.⁰⁹
939 2697 1017 2761 alies
1044 2692 1228 2771 Διονυσιάς,
1272 2696 1326 2763 sed

226 2820 305 2884 haec
325 2833 344 2879 a
364 2809 495 2878 diversis
517 2808 677 2869 manarunt
699 2797 844 2878 sontibus
865 2795 1007 2875 longiora
1026 2813 1045 2860 a
1065 2797 1153 2878 puris
1173 2794 1325 2874 Λεόντιος,

227 2909 412 2989 Διονύσιος,
440 2909 539 2973 minus
567 2902 660 2982 longa
681 2916 700 2962 a
720 2897 881 2979 primitivis
901 2891 1008 2973 Λέων,
1030 2891 1208 2975 Διόνυσος,
1232 2913 1326 2979 neque
1368 2933 1369 2988 p

227 3013 290 3078 ulia
317 3016 366 3075 cst
393 3007 443 3074 rel
469 3007 501 3069 in
527 3004 575 3066 his
603 2999 743 3064 deiectus
769 2997 909 3079 speeies,
931 2995 981 3058 vel
1009 2992 1123 3058 inillis
1145 2995 1325 3076 pleonasmi‚

227 3125 357 3194 quorum
384 3112 524 3171 neutrum
553 3103 653 3166 terunt
680 3095 831 3162 voeabula
853 3095 953 3158 civilia
975 3099 1006 3157 ct
1027 3092 1166 3157 emedio
1189 3094 1327 3160 sumta.⁷⁰
1368 3123 1369 3176 η

229 3209 291 3278 Sed
313 3224 404 3272 unum
427 3212 527 3269 tamen
547 3197 679 3262 innotuit
700 3193 981 3279 praetermissionis
1010 3193 1182 3272 exemplum
1209 3187 1325 3275 Ἀσκλη·
1368 3183 1369 3256 λ

227 3309 317 3393 etima
338 3303 485 3386 Sophoei.
508 3297 591 3380 qnod
614 3298 703 3362 metri
723 3294 908 3360 necessitate
929 3289 1110 3356 detenditur.

311 3430 341 3498 s.
365 3419 412 3486 15.
454 3418 499 3482 Dc
521 3415 632 3478 ceteris
653 3410 874 3476 vocabulorum
894 3407 1059 3488 generibus
1081 3408 1140 3470 tria
1163 3415 1238 3472 sunt
1253 3425 1324 3490 qnae

229 3529 357 3607 propter
387 3515 523 3598 ejusdem
550 3513 658 3576 literae
679 3507 917 3574 inconstantiam
938 3506 1047 3569 reierri
1066 3515 1252 3592 mereantur,
1274 3507 1324 3572 ad-

228 3672 522 3696 ,-,,-.....-

295 3773 341 3838 69)
370 3769 443 3824 Haec
467 3764 583 3832 suspicio
609 3760 662 3815 lete
687 3763 774 3826 palem
797 3753 950 3822 Φοιβιάλης
971 3754 1094 3822 Polyaen.
1122 3756 1157 3810 ΙΙ.
1180 3758 1221 3826 13,
1243 3760 1264 3816 t.
1284 3771 1322 3828 pro

228 3855 362 3923 Φοιβίδης
378 3852 413 3906 ΙΙ.
434 3851 458 3915 5,
476 3849 501 3904 2.
519 3841 673 3906 Καλλιάδης
697 3846 786 3895 contra
808 3839 915 3892 Luciam.
937 3837 1004 3891 Dici.
1023 3837 1128 3893 Mercir.
1149 3838 1220 3896 vui.
1239 3843 1263 3899 3.
1280 3844 1322 3900 Ja.

228 3939 355 3994 cobitzius
374 3935 526 3990 auctoritate
548 3925 623 3981 codd.
642 3927 669 3977 in
687 3922 818 3986 Καλλίδης
839 3925 954 3976 mutavit.

294 4021 340 4088 70)
358 4017 488 4072 Diodoms
507 4012 549 4067 IV.
565 4013 607 4069 85.
629 4010 734 4064 retinnit
752 4007 883 4073 poeticum
897 4003 1041 4056 'Aioaiaim
1062 4019 1108 4070 pro
1123 4007 1221 4060 usitato
1235 4003 1321 4056 Ἀλωιί.

227 4104 274 4156 ooo
292 4103 334 4158 vel
350 4097 499 4153 'mimeticon
