2768 4994
162 231 227 338 ἱον
249 228 344 296 nou.
365 227 467 292 narn.
490 225 644 292 naemu.
665 205 759 310 ruas
781 226 923 293 runnu.
948 233 978 302 s.
999 227 1027 294 2.
1088 223 1160 296 noo

19 396 187 462 XXXVL
208 393 279 461 267.
302 393 399 476 (524.)
420 385 544 475 neptae
562 392 670 472 Polyb.
691 387 823 470 Μελίας,
850 391 974 471 Τελέας,
996 393 1056 458 uisi
1075 393 1161 459 ‘batto

22 494 231 577 adjioientla
252 499 324 557 sunt
345 492 524 557 verbalibus
545 486 669 570 Κινέας,
691 486 812 571 Φιλέας,
826 484 955 573 ’oestuo
966 490 1052 557 Pintl
1066 493 1160 557 Μνα-

23 589 129 673 σέας,
157 594 292 659 Staseas
314 590 377 656 Cio.
397 591 595 673 appellativa
621 591 711 671 butus
741 591 858 655 lormae
886 590 993 655 dubito
1014 607 1055 655 an
1075 591 1160 657 nulla

27 695 121 758 sint.
172 693 235 757 Pro
254 684 397 773 Ἑριφέας
417 691 544 772 χίμαρος
564 689 636 754 lles.
666 688 792 754 Gaietus
820 695 905 753 reete
932 685 1050 772 ἐρίφιος
1077 693 1160 756 seri-

28 793 132 874 psit3
158 808 220 874 pro
238 783 343 864 Ἐλέας
363 785 473 874 ὄρνεον
499 790 532 852 in
552 789 646 852 Arist.
674 790 750 854 Avv.
780 787 849 853 303.
877 783 961 863 ἐλεᾶς
986 790 1107 871 legitur·
1125 796 1160 855 ut

30 887 167 964 ἐλαοᾶς
199 891 306 954 ultima
333 887 555 970 oiroumduota‚
583 903 644 970 quo
672 888 743 951 huie
763 903 890 952 numero
913 889 1074 970 eximitnr3
1095 896 1161 954 ter·
1261 944 1268 955 .

34 991 125 1054 tiam
159 987 301 1070 ejusdem
328 989 466 1069 glossam
490 980 596 1069 Ἐρέας
616 981 708 1049 τέκνα
732 985 898 1065 Θεσσαλοί,
921 989 970 1051 eui
991 987 1090 1052 simile
1111 997 1162 1054 est

35 1089 186 1153 latinum
210 1087 341 1166 boenes,
371 1104 392 1150 a
418 1085 605 1150 nominativo
627 1079 714 1164 ἐραίς
734 1085 918 1150 deelinatum
938 1101 1011 1151 esse
1031 1095 1162 1170 apparet

40 1205 88 1252 ex
113 1187 225 1252 dativo
244 1180 380 1268 Ἐρέεςφι
400 1180 527 1258 τίανοις.
570 1179 696 1266 Νομίας
717 1183 884 1264 Gregorius
904 1185 979 1251 Naz.
1000 1185 1049 1250 bis
1066 1200 1161 1251 usura

41 1287 142 1369 pauit
166 1301 225 1368 pro
246 1281 360 1366 νομεύς
379 1304 408 1350 ν.
428 1283 552 1348 Jaoobs.
574 1283 613 1348 ad
633 1283 724 1349 Aatb.
744 1283 820 1349 Vlll.
841 1299 870 1348 n.
893 1284 942 1350 17.
958 1301 1037 1366 quae
1051 1285 1161 1352 erebra

45 1391 104 1450 est
128 1385 329 1466 propn'orum
358 1381 541 1448 uioissitudo
568 1377 712 1463 Δρομέας
732 1377 889 1464 Δρομεύς,
909 1375 1062 1464 Ἀριστίας
1077 1378 1162 1469 Ἀρι-

46 1478 147 1559 στεύς
169 1502 198 1548 u.
222 1483 339 1548 Goraes
362 1481 401 1546 ad
423 1482 500 1546 Plat.
524 1481 557 1545 T.
577 1481 611 1545 V.
634 1481 705 1547 435.
734 1481 790 1546 sed
816 1482 929 1561 injuria
951 1484 1102 1548 translata
1122 1483 1162 1548 atl

48 1581 281 1664 appellativum
301 1575 422 1663 νομέας,
443 1596 503 1643 neo
524 1584 557 1643 ut
578 1575 720 1661 Δρομέας
741 1582 787 1644 sio
807 1583 896 1645 etiam
910 1577 1040 1664 δρομέας
1053 1581 1164 1648 dieitur

51 1683 115 1748 sed
143 1682 275 1764 δρομίας
300 1687 334 1744 ut
364 1679 509 1762 τροφίας,
537 1678 658 1761 τομίας,
685 1678 814 1761 τροχίας.
854 1673 1057 1763 Ἐπιτραγίαν,
1079 1682 1164 1764 quod

52 1780 152 1846 could.
177 1780 317 1844 nonnulli
336 1778 499 1843 Aristoteli
521 1776 687 1842 obtrudunt
707 1795 764 1860 pro
785 1774 969 1861 exsuperetur,
998 1797 1088 1844 nemo
1106 1797 1163 1844 re-

53 1881 167 1962 oipero
189 1879 333 1960 dignatus
355 1884 412 1944 est.
455 1871 581 1958 Βορέας,
604 1881 692 1958 eujus
713 1882 836 1956 etymon
857 1878 942 1961 latet,
957 1879 1091 1961 propriis
1105 1877 1163 1943 atl-

54 1978 217 2042 uumerari
239 1978 391 2042 eonvenit.
434 1969 632 2056 Λακκοσχέας
650 1976 790 2040 vooalem
813 1995 832 2040 a
852 1977 983 2058 simplioi
1002 1970 1094 2058 ὀοχέα
1112 1978 1164 2042 uel

57 2070 172 2159 ὀοχεός
188 2083 390 2158 propagatam
412 2076 512 2140 babet.
554 2075 672 2153 Καοᾶς,
694 2074 732 2142 tle
754 2093 814 2156 quo
837 2075 899 2140 dixi
928 2077 961 2139 in
981 2075 1089 2140 Parall.
1110 2074 1161 2142 80.

60 2182 94 2240 et
117 2168 216 2257 ἀργᾶς
243 2192 261 2240 e
288 2170 416 2254 moles,
446 2169 558 2256 ἀργίας
584 2173 632 2256 (ut
659 2175 817 2256 proprium
841 2168 951 2258 ’Λργᾶς
977 2193 1005 2240 v.
1032 2176 1162 2242 lleinelr.

62 2275 151 2338 Com.
180 2274 229 2338 lll.
255 2274 340 2356 388.)
370 2279 530 2338 eontraeta
556 2270 712 2355 uidentur,
742 2272 798 2337 sed
826 2274 946 2356 integra
973 2281 1166 2342 tamennon

63 2379 187 2454 entant3
210 2389 326 2454 ooprea
346 2389 458 2454 graeoo
477 2373 606 2452 κονρίας
627 2370 746 2436 dieitur.
789 2371 948 2448 Quomodo
964 2381 1065 2438 autem
1079 2375 1166 2457 epsi-

63 2473 120 2537 lon
140 2473 172 2536 in
190 2459 219 2536 α
239 2479 385 2552 transeat,
404 2472 485 2536 inter
505 2471 684 2536 affectiones
706 2468 831 2536 dicetur.
872 2471 978 2555 ltaque
1000 2491 1091 2538 unum
1112 2491 1167 2540 re-

66 2576 132 2636 stat
151 2572 217 2635 iota
238 2573 350 2635 ueteris
371 2572 463 2636 latius
485 2569 623 2634 diffusum
647 2568 840 2650 omniumque
861 2572 1081 2636 vocabulorum
1108 2589 1167 2654 ge-

67 2685 144 2734 nera
175 2687 352 2753 permeans,
381 2685 508 2772 quorpm
540 2667 578 2732 de
607 2674 693 2749 ortu,
715 2667 955 2752 significatione,
985 2678 1115 2736 aeoantu
1136 2680 1168 2737 et

69 2769 282 2836 allectionibus
303 2769 493 2834 membratim
516 2767 619 2832 dioere
639 2766 711 2830 mibi
733 2768 892 2847 proposui.

154 2889 182 2960 s.
204 2883 232 2949 2.
273 2883 436 2948 Nominum
456 2883 548 2963 igitur
568 2883 599 2946 in
621 2868 671 2956 ιἀξ
690 2883 863 2946 exeuntium
875 2878 990 2965 'aliqua
1009 2891 1063 2950 aut
1075 2885 1166 2966 igno-

74 2991 134 3048 tam
156 2983 302 3063 originem
323 2981 437 3045 babent
459 2988 510 3045 aut
531 2998 595 3045 non
616 2979 656 3045 ad
675 2980 821 3062 liquidum
843 2983 1034 3065 exploratam
1061 2991 1095 3049 ut
1116 3000 1168 3050 οα-

74 3083 160 3166 βρίας
179 3082 282 3163 poouli
303 3079 437 3165 genus,³
465 3081 615 3159 βασυνίας
640 3080 799 3165 placenta,
826 3077 978 3164 ἀβραμίας
1004 3078 1095 3167 βόλος
1115 3107 1169 3149 αυ-

75 3177 208 3266 βεοναιός
234 3182 307 3247 lles.
336 3181 526 3262 pisoiumque
551 3180 675 3245 nomina
693 3173 800 3260 ἀμίας,
828 3182 976 3266 θρανίας,
1004 3183 1170 3264 καίλαρίας

78 3283 141 3346 sive
162 3281 333 3362 γαίααρίας,
354 3279 467 3357 κολίας,
489 3277 621 3361 ίοβίας.4
663 3278 725 3344 Setl
747 3277 785 3343 de
806 3281 962 3363 plerisque
983 3282 1042 3348 diei
1063 3289 1171 3366 potest

142 3561 170 3629 ³]
192 3559 286 3617 Allien.
312 3561 355 3616 Vl.
378 3561 437 3618 262.
463 3559 492 3614 fl.
520 3558 550 3612 ἐν
572 3558 611 3628 τῷ
635 3562 735 3630 σαβρίςι
757 3561 904 3631 βομβολίῳ.
937 3561 992 3618 sed
1015 3563 1073 3617 cod.
1092 3561 1169 3617 Laut.

82 3645 184 3715 praebet
199 3647 305 3715 οανρία,
324 3645 394 3712 qnod
413 3643 574 3698 fabricatoris
591 3643 633 3698 uel
657 3647 818 3713 possessoris
836 3647 946 3702 Sauriae
971 3659 1065 3701 nomen
1089 3645 1172 3702 luisse

83 3729 188 3786 videtur.
222 3729 328 3783 Saurias
347 3728 450 3782 Samius
467 3727 594 3794 Athenag.
614 3725 705 3794 Legat.
723 3726 788 3782 lllV.
808 3727 873 3783 alius
893 3727 1026 3784 Demostb.
1050 3727 1123 3785 1³60.

145 3813 172 3882 l)
191 3813 265 3869 Idem
285 3813 516 3878 beataemariae,
534 3812 614 3866 latine
632 3810 721 3878 bepar.
757 3810 813 3864 lloo
836 3817 863 3867 et
873 3812 948 3880 jener
968 3814 1089 3867 conuenit
1107 3825 1172 3880 ger-

86 3899 179 3952 manioo
202 3897 299 3959 beon,
325 3895 395 3963 quod
419 3909 501 3965 prope
527 3894 632 3950 aceedit
656 3893 689 3947 ad
713 3907 835 3960 graecum
858 3892 938 3963 λομίς
962 3895 991 3947 τὸ
1016 3895 1102 3965 ἄκρον
1124 3894 1173 3947 τοῦ

87 3983 177 4046 ἥπατος
192 3980 254 4036 Sob.
273 3978 369 4035 Aesob.
389 3978 438 4047 Ag.
457 3980 515 4037 495.
550 3978 616 4033 lllne
635 3976 744 4033 tortasse
760 3979 842 4046 piscis
859 3991 961 4036 nomen.
985 3977 1172 4048 Θρανίαςῦο.

88 4081 141 4126 raes
157 4067 186 4123 atl
203 4065 313 4124 Xenoor.
334 4081 360 4136 p.
382 4063 423 4120 62.
443 4061 475 4118 ad
494 4067 610 4135 θρανίον
626 4061 736 4132 paxillus
753 4061 848 4128 relenta
873 4063 943 4132 quod
966 4077 1056 4132 perum
1072 4063 1172 4133 proba-
