2788 4994
176 245 242 310 nn
264 244 359 310 nour.
382 243 484 310 runt.
504 243 657 314 nneuru.
680 231 775 320 ιΝιῖι
796 246 938 311 runnu.
961 255 991 323 s.
1012 248 1041 312 o.
1106 249 1176 319 coe

22 411 120 496 [uod
150 412 317 493 saepius,
345 408 451 480 eudem
471 407 552 475 inter
572 425 610 474 se
631 410 751 482 untione
767 414 875 491 juncta
895 429 957 492 qua
976 411 1122 490 ταιαξίις
1142 421 1175 478 ot

21 505 336 594 ῐορβοροτάραξις,
358 506 468 585 Asilos
489 513 519 570 et
538 501 695 584 πολύλεξις
715 526 743 572 ν.
763 509 873 575 Perell.
894 509 966 580 227.
993 511 1057 578 uli,
1074 513 1173 584 nmis·

21 628 99 676 rum
130 615 203 680 est
224 609 279 691 τῆς
299 601 523 686 πολυγενέσεως
543 599 653 682 οὐσίας
679 607 790 673 Plotin.
811 608 888 672 Enn.
911 608 959 674 111.
981 609 1014 686 l..
1035 611 1083 675 lv.
1102 609 1172 680 286.

20 710 51 780 Ξ.
80 709 160 779 His
194 706 454 788 conjunctissima
475 711 547 778 sunt
568 707 695 788 propria
715 706 777 788 ille,
799 724 878 787 quae
900 709 998 788 sigma
1012 709 1173 772 totumue..

20 813 147 877 ierunt
177 800 346 889 Ἀπόληξις
374 805 532 874 Demosm.
559 811 590 868 et
615 799 793 887 :leotrico
817 805 953 888 Aloipnr.
980 807 1029 877 111.
1056 807 1113 888 Ep.
1140 808 1170 872 4.

20 907 173 990 Πρᾶξις
202 907 324 978 cettan.
347 904 381 966 u.
404 902 439 970 u.
461 903 537 974 xlv,
558 903 607 976 24.
631 903 778 986 Πιιξιις,
791 899 915 987 ”noum
932 897 1082 987 Ἐρυξίας,
1099 907 1170 971 no.

19 1023 74 1082 ors
84 1008 124 1050 ²⁸
166 1006 320 1085 Πεισίας,
356 1006 445 1077 Τῖσις
472 1001 593 1082 Τισίας,
629 999 748 1078 Τέλεσις
780 1004 918 1081 Tricorios
938 1011 998 1080 cto.
1021 1003 1169 1078 nonnulla

19 1107 166 1186 triplici
206 1103 346 1186 praedita
373 1101 481 1182 specie
494 1096 609 1178 'moro
626 1095 758 1179 Ἀλεξίας
775 1096 920 1181 litigios,
949 1119 1077 1184 quorun
1104 1120 1168 1183 po-

19 1213 210 1272 stremum
231 1220 323 1284 quum
346 1203 388 1274 sit
408 1203 440 1270 in
460 1216 520 1272 usn
541 1202 673 1272 omnium
693 1204 911 1286 novissimum,
931 1217 1039 1286 purum
1061 1203 1167 1282 opitu-

19 1305 120 1372 latur
156 1319 277 1374 eorum
311 1301 450 1384 opinioni
478 1301 530 1381 qui
559 1301 803 1373 terminationem
832 1317 895 1374 non
929 1317 1037 1381 puram
1070 1317 1166 1382 purae

24 1403 226 1474 subnatam
257 1408 374 1482 putant.
423 1400 540 1470 Nostro
573 1397 695 1479 quidem
722 1397 836 1479 judicio
865 1399 964 1474 Nicro
995 1406 1025 1462 ct
1055 1398 1166 1480 Νικίας

24 1500 123 1568 haud
160 1501 258 1572 aliter
287 1505 468 1580 comparata
495 1503 567 1568 sunt
594 1514 686 1577 quom
714 1495 846 1578 Νικίόης
871 1497 943 1577 Lus.
964 1497 1011 1572 Fr,
1033 1497 1079 1570 nt.
1100 1499 1166 1562 Dc-

28 1600 162 1670 mosth.
192 1597 266 1680 991,
290 1597 336 1666 tt.
359 1605 390 1662 ct
413 1592 566 1677 Νικιάδης
588 1595 686 1678 1305,
709 1595 736 1661 1.
760 1595 853 1660 l'hue.
874 1595 923 1663 Ill.
946 1595 1014 1666 118.
1044 1596 1165 1678 aliaque

29 1697 275 1780 patronymica
310 1703 341 1759 et
368 1697 457 1776 quusi
491 1695 704 1776 patronymico
732 1694 920 1776 Κριονιίὸης
947 1693 1164 1780 Κρεοντιάδης,

33 1795 227 1878 Ammoi
247 1790 445 1875 Λιιιιιιιηι,
478 1791 605 1873 ocem
631 1791 739 1872 rocyo.
767 1801 797 1858 ιι
828 1788 977 1876 croceos
1004 1781 1164 1872 nemesii,

34 1895 196 1978 Xaotrloc
218 1894 334 1968 Gallim.
354 1889 513 1974 Χαριάδης
532 1892 639 1972 Polyb.
680 1892 751 1958 Non
772 1893 894 1973 aptiora
914 1893 953 1956 ed
972 1893 1164 1974 probandum

38 1995 126 2070 duco
152 2009 240 2075 queo
262 1991 442 2057 Wclckerns
464 1991 551 2064 offert
573 1985 711 2073 ρηιιάρις
739 1997 769 2054 et
787 1983 1012 2072 Ἀπολλινάρις,
1034 2009 1164 2073 quorum

37 2093 121 2156 illud
144 2091 231 2156 nihil
252 2090 335 2162 eliud
356 2097 405 2157 est
425 2107 516 2172 qnam
536 2086 682 2173 ρητιάρης
709 2089 868 2171 simileque
898 2091 1037 2173 opiticum
1064 2108 1164 2155 uoce-

42 2191 130 2258 bulis
153 2189 415 2272 graecoromanis
437 2182 602 2270 ἁμαξάρης,
622 2184 796 2272 eleccione,
824 2185 1028 2272 μακελλάρης,
1058 2190 1163 2272 ναβερ-

42 2286 160 2374 νάρης,
183 2283 338 2369 coccione
360 2293 417 2351 etc.
431 2287 559 2355 alterum
573 2293 670 2351 totum
683 2304 841 2352 romanum
857 2290 1062 2370 Apollinaris,
1080 2288 1163 2370 quod

46 2388 165 2454 Graeci
189 2389 360 2468 scriptores
383 2402 481 2467 saepe
506 2385 544 2450 ad
567 2403 654 2453 suem
676 2385 928 2454 cousuetudinem
949 2387 1107 2452 inlleotunt
1129 2395 1163 2454 ut

49 2483 233 2565 Φετιάλιος,
261 2486 445 2562 morcellos,
463 2478 641 2565 Ἀπρίλλιος,
662 2477 858 2568 ἀγορανόμος
868 2484 1052 2567 monoceros
1066 2487 1161 2560 lusor.

48 2603 78 2651 n.
102 2587 201 2656 1133.
224 2583 303 2656 unde
324 2601 414 2651 nemo
436 2584 571 2668 Fetialis,
593 2583 735 2661 Quintilis
758 2591 816 2650 cto.
837 2586 965 2650 conciso
986 2585 1091 2650 credet
1105 2585 1162 2650 sed

49 2689 161 2765 notius
191 2683 390 2758 contrarium.
436 2683 482 2748 De
509 2684 631 2763 graecis
663 2683 754 2764 hujus
784 2684 985 2754 dicatnlcrriee
1013 2685 1161 2766 exemptis

53 2800 147 2853 unum
180 2789 232 2848 est
258 2780 342 2865 quod
369 2779 560 2852 Grammatioi
589 2782 620 2844 in
641 2784 855 2863 quaestionem
875 2791 1034 2867 vocarunt,
1054 2783 1161 2854 heroi·

53 2897 123 2946 cum
144 2897 263 2949 nomen
285 2875 402 2962 Χρόμις
410 2877 439 2916 ²⁹
459 2887 490 2946 et
512 2879 648 2962 Χρομίος
667 2881 717 2946 rel
738 2877 889 2965 Χρόμιος,
917 2899 988 2948 nem
1013 2888 1161 2953 accentus

57 2978 220 3062 discrepat
249 2978 375 3043 duorum
406 2979 578 3060 regularum
607 2996 761 3046 concursu
790 2989 821 3052 et
848 2983 938 3064 quasi
965 2979 1107 3048 conlliclu
1129 2983 1162 3054 iu

56 3079 219 3143 contraria
246 3083 353 3157 nctus;
390 3077 504 3158 quippe
530 3078 558 3142 si
588 3078 779 3158 trisyllabum
804 3088 916 3148 natura
942 3100 1000 3148 sua
1028 3087 1162 3164 constat,

57 3177 189 3242 mediam
217 3183 339 3240 acutam
367 3175 461 3244 habet
490 3192 577 3240 more
612 3177 805 3261 tribreuium3
841 3182 972 3246 sivero
1006 3182 1160 3262 genitivus

124 3398 171 3464 28)
196 3394 326 3452 Plutarch.
352 3395 381 3449 V.
399 3395 514 3450 Demetr.
538 3393 646 3450 lllllllli.
671 3395 716 3450 ubi
743 3401 806 3453 vett.
823 3397 891 3453 Erlrl.
908 3402 989 3458 Ηϊσις
1007 3401 1160 3458 utilitates
1252 3405 1255 3410 ·

60 3478 87 3530 in
103 3479 188 3536 Amet.
208 3481 242 3536 11.
261 3478 378 3550 Xenoph.
400 3476 468 3535 Heli.
485 3479 541 3534 Vll.
561 3480 584 3545 t,
602 3479 644 3535 ll.
667 3479 744 3534 Peus.
764 3481 785 3536 1.
803 3481 829 3548 3,
847 3482 872 3538 4.
892 3482 939 3538 sed
963 3486 1060 3540 Πισίας
1080 3481 1158 3536 Arist.

63 3559 124 3615 Aru.
143 3563 203 3620 767.
223 3564 298 3632 quasi
317 3577 333 3616 a
349 3561 433 3616 lutuno
454 3567 532 3614 πίσω.
566 3565 684 3614 notator
699 3563 761 3618 Sch.
779 3564 852 3619 rino.
872 3565 899 3620 P.
918 3565 952 3621 ll.
972 3565 1159 3634 anomocus

63 3646 171 3704 Πιστίας
193 3652 220 3701 et
237 3649 344 3698 Πίστων
360 3661 385 3702 v.
407 3645 711 3702 norcomannorum
732 3646 835 3704 Momm.
855 3649 962 3716 111.1o‚
983 3648 1009 3708 9.

127 3747 171 3814 29)
190 3746 302 3801 liunus
319 3748 387 3814 gerit
405 3746 536 3815 illusorum
561 3746 627 3811 rlnr;
652 3747 784 3800 eiromioe
800 3749 948 3817 complures
968 3748 1160 3806 homericorum

69 3823 174 3886 heroum
192 3831 282 3898 graeei
307 3831 452 3898 exterique.
470 3829 648 3886 Schneiderus
665 3830 698 3886 ed
715 3831 805 3887 Arted.
823 3831 919 3899 Syrou.
936 3846 963 3900 o.
980 3833 1023 3890 98.
1046 3847 1159 3900 comno-

71 3911 117 3964 suit
134 3914 245 3980 piscium
263 3914 420 3969 incertorum
437 3914 541 3968 nomina
557 3915 671 3983 χρέμψ,
696 3917 800 3984 χρέμις
827 3921 855 3971 et
870 3914 972 3988 χρόμις
987 3918 1044 3972 siro
1060 3920 1160 3985 χριμίς

71 4004 92 4044 r.
110 3993 374 4064 Schweighaeuser
392 3996 487 4056 Athen.
506 3996 534 4052 Τ.
553 3996 596 4052 lli.
614 3997 674 4058 268.
709 3996 820 4062 Generis
837 3999 935 4056 nullum
950 3999 1076 4066 indicium
1090 4004 1162 4056 extet

70 4083 170 4142 cuncter
187 4080 317 4144 tormento
332 4079 441 4137 cemes
458 4077 533 4144 Orici.
551 4080 608 4139 llel.
632 4082 688 4146 122.
