2758 4994
158 281 216 347 DE
240 277 457 348 NOMINIBUS
478 275 521 345 IN
540 279 561 344 it
577 276 827 346 EXEUNTIBUS
848 279 881 346 d.
896 280 944 347 vl.
961 285 990 356 ς.
1002 278 1032 346 2.
1076 279 1145 348 239

36 448 61 512 si
82 446 162 512 haee
184 447 294 512 orons
314 453 373 530 est,
402 445 576 528 producant
596 445 717 510 tertiam
739 445 927 526 Theognost
947 441 984 512 n
1006 445 1075 529 115,
1097 446 1145 512 17.

36 553 66 608 ut
87 551 231 626 quatuor
256 545 309 609 illa
336 562 416 626 qnae
444 544 640 610 Grarnntatioi
667 545 844 610 nominatim
872 545 1029 627 excipiunt
1054 538 1145 626 ἁγνα-

36 639 122 726 σύνη,
145 637 380 727 ἀγαθωσύνη,9
400 637 572 727 ἱερωσύνη,
593 639 794 726 μεγαλωσύνη
814 644 880 709 ΕΜ.
902 644 973 727 275,
994 643 1044 709 42.
1072 645 1144 709 Μο-

34 744 139 824 schop.
163 743 282 808 Sohed.
303 761 333 825 p.
357 743 406 808 74.
428 743 481 825 qni
503 759 594 823 quum
614 740 698 806 addit
718 739 770 806 καὶ
792 739 888 826 ἔτερα,
910 742 1061 823 signifieat
1081 765 1145 824 μα-

34 837 228 925 ναρνωούνη,
250 841 333 923 quod
347 840 542 904 Herodianus
558 840 685 920 Epimm.
707 859 736 922 p.
754 842 824 907 232.
840 841 978 924 apponit,
999 842 1049 906 vel
1067 845 1145 906 tiso-

34 936 216 1024 ηοαοσύνη,
247 939 330 1022 qnod
352 938 559 1004 Schneiderus
588 955 627 1003 ex
655 940 759 1005 schol.
786 941 913 1005 Lnoiani
934 941 1066 1024 profert,
1093 944 1144 1007 vel

36 1037 185 1125 ίδιωσύνη
199 1043 341 1122 ignotum
356 1039 490 1119 antiquis
508 1045 542 1100 nt
554 1044 660 1102 cetera
674 1045 797 1118 praeter
812 1032 973 1122 ἱερωσύνη.
989 1040 1144 1108 lieiskius

35 1147 132 1204 nutem
154 1156 255 1222 quun
276 1137 316 1203 ad
335 1136 441 1200 Lihan.
462 1136 604 1200 Antioch.
627 1153 656 1216 p.
671 1134 742 1202 356.
763 1135 872 1200 scribit
891 1138 977 1202 tolet
990 1137 1144 1204 diduntur

35 1240 247 1304 sadotootioo
273 1239 305 1300 in
332 1221 439 1320 {affy
459 1237 612 1300 exeuntia
637 1232 679 1298 oh
702 1233 870 1311 adiecto&
889 1237 924 1300 ia
944 1222 980 1310 ῖς
998 1236 1144 1318 [emtore

36 1341 69 1400 ot
94 1339 123 1402 t.
147 1340 169 1402 t.
200 1331 409 1420 εὐθνμοσύνη
432 1339 463 1400 ct
482 1351 593 1414 supro,
621 1331 844 1413 displicato
868 1333 935 1398 Vita
956 1328 1148 1424 οἰλομοσύνη,χ

38 1435 70 1500 σο
90 1444 230 1518 utroque
253 1443 351 1516 errat3
381 1451 451 1498 nant
473 1449 531 1498 nee
552 1433 613 1496 hoo
634 1430 754 1496 aliudue
781 1431 881 1496 simile
905 1432 1017 1514 legitur
1043 1451 1143 1517 neque

37 1533 83 1596 ille
109 1531 322 1617 οὐθνμοσύνη
350 1533 492 1614 scripsit,
525 1549 586 1614 quo
613 1531 788 1610 Hesychius
809 1531 903 1594 utitur
931 1550 956 1597 s.
981 1526 1142 1618 hiidoplo,

40 1631 89 1696 sed
108 1621 129 1715 ἡ
149 1634 211 1716 τῆς
233 1628 307 1716 ὅλης
328 1633 443 1712 (urhis)
465 1623 668 1713 ούθημοσύνη
689 1632 773 1692 situs
795 1647 959 1696 amoenae.
988 1632 1049 1697 Sed
1063 1650 1143 1703 neu-

40 1735 111 1794 trum
139 1732 266 1813 plurale
291 1726 331 1794 coi
350 1725 526 1814 ἡγεμόσυνα
545 1731 657 1811 legitur
683 1726 764 1809 apud
784 1727 1035 1813 Xenophontem,
1060 1733 1151 1813 quod
1175 1779 1185 1813 ,-

41 1835 84 1890 est
103 1830 293 1894 solemnium
313 1847 427 1896 nornen
453 1836 486 1893 ut
513 1822 552 1894 τὰ
571 1821 752 1910 χαρμόσυνα
771 1825 884 1890 llerod.
904 1821 944 1889 air
963 1826 1144 1911 αουρόσυνα

41 1923 99 1988 hit.
121 1927 270 2010 idemque
290 1929 441 2010 Xenopho
465 1927 497 1990 in
520 1927 635 1993 Oecon.
657 1927 707 1990 his
723 1919 847 1989 lintei
861 1921 1037 1990 δεσπόσανα
1051 1925 1143 2012 (χρη-

42 2026 126 2106 ματα)
151 2027 349 2108 Thucydides
359 2028 393 2092 V.
408 2025 455 2091 11.
467 2020 503 2090 ού
515 2021 719 2109 μνημόσυνον
731 2023 770 2088 ab
787 2024 969 2088 Antiattista
990 2027 1144 2092 observa-

43 2127 107 2188 tum.
148 2124 241 2190 Unde
263 2143 327 2190 non
349 2126 489 2206 sequitur
509 2126 634 2190 Atticos
654 2123 815 2205 adjectivis
835 2115 1026 2205 νξμηιόσανος
1047 2132 1077 2189 et
1098 2125 1144 2190 de·

44 2217 193 2300 σοόσυνος
214 2242 293 2289 usos
313 2225 427 2304 luisse3
449 2241 511 2304 tyno
532 2239 646 2304 genere
666 2223 711 2286 illi
734 2223 856 2286 omnino
879 2223 1142 2304 abstinent3na1n

44 2319 182 2408 πύσυνος,
214 2323 299 2405 quod
324 2324 405 2386 inter
422 2321 606 2402 Thucydidis
627 2322 753 2402 glossas
774 2321 906 2388 retertur
925 2321 1013 2388 Phot.
1034 2341 1060 2388 s.
1084 2327 1143 2388 He·

45 2417 147 2503 ριωαή,
169 2423 249 2486 nulli
267 2423 389 2486 illorum
410 2420 618 2503 conparabile
639 2426 689 2484 est
709 2435 809 2499 neque
832 2421 955 2485 omnino
977 2423 1026 2486 sui
1044 2423 1143 2490 simile

45 2514 145 2601 hahet3
182 2539 276 2604 quarn
306 2521 345 2584 oh
379 2536 506 2583 causam
531 2536 593 2582 vox
619 2519 719 2582 sicula
744 2517 794 2580 vel
821 2518 986 2586 siciliensis
1013 2522 1144 2588 habetur

49 2614 142 2684 schol.
164 2621 199 2685 ll.
223 2622 258 2684 V.
281 2619 350 2684 205.
370 2619 458 2682 Eust.
475 2617 545 2700 539,
556 2618 605 2682 34.
634 2634 673 2680 ex
690 2612 886 2697 αισοόσονος,
907 2626 942 2684 ut
962 2627 1053 2685 antea
1072 2622 1143 2706 dini,

48 2722 209 2804 contracta,
243 2719 409 2800 perspicuo
430 2718 573 2781 insuetae
594 2717 787 2780 formationis
807 2717 931 2784 indicio.
973 2719 1041 2784 Ισισ
1060 2722 1143 2804 quod

49 2809 82 2873 ad
100 2815 355 2895 significationem
376 2817 485 2880 horum
506 2815 727 2880 uocabulorum
749 2816 867 2900 attinet,
889 2835 928 2882 en
947 2818 1042 2902 ipsis,
1063 2838 1143 2901 quae

49 2915 204 2991 proposita
230 2922 319 2998 sunt,
347 2915 496 2996 exemplis
524 2930 580 2995 pro
611 2931 647 2978 se
672 2915 804 2995 quisque
830 2915 909 2981 lines·
934 2918 1143 2998 terminosque

50 3003 110 3072 huie
129 3015 287 3078 nominum
313 3015 419 3095 generi
441 3013 693 3094 circumscriptos
715 3022 892 3098 pernoscet,
920 3017 1040 3098 opinor.
1080 3016 1143 3081 Sed

50 3107 113 3183 unia
130 3110 280 3178 Matthiae
299 3113 339 3178 ad
359 3113 431 3178 Eur.
453 3111 504 3178 0r.
528 3113 616 3179 1377.
637 3105 793 3195 [πηοσύνη
812 3121 906 3194 negat
925 3131 982 3196 pro
997 3113 1109 3178 ἱπποστ
1131 3153 1144 3168 ·

51 3217 173 3310 tun-ut
195 3213 390 3278 scholiastes
412 3212 464 3294 ait,
485 3211 584 3290 accipi
605 3227 712 3294 posse,
733 3215 805 3293 quia
825 3214 939 3280 nullnnr
959 3214 1143 3280 vocabulum

50 3315 78 3362 n
95 3319 170 3390 σννη
191 3311 300 3374 exiens
319 3310 420 3373 locum
437 3308 587 3391 designet,
608 3309 639 3374 id
659 3327 720 3375 uno
742 3311 880 3375 refellant
900 3313 1040 3394 exearplo
1062 3314 1143 3394 Aga·

53 3397 124 3467 thiae
142 3403 325 3492 θηροβότον
343 3404 479 3492 πρέμνον
497 3404 690 3492 ἐρημοσύνης
709 3411 800 3475 anth.
818 3409 866 3474 lx.
883 3409 912 3476 4.
922 3409 950 3451 ¹⁰
969 3411 1000 3476 id
1022 3419 1070 3476 esi
1088 3414 1144 3495 τῆς

53 3490 164 3608 ἐρήμου,
208 3507 248 3571 Et
270 3508 339 3588 quis
362 3507 479 3572 dubitet
501 3509 574 3590 quin
592 3507 753 3592 μαντοσύνη
774 3509 813 3573 de
831 3509 902 3573 loco
926 3509 985 3573 dici
1006 3512 1142 3592 potuerit

54 3611 92 3660 sie
113 3612 143 3668 ut
170 3605 298 3670 latinum
326 3608 491 3672 vicinitas?
532 3605 640 3687 Neque
668 3608 757 3672 aliter
786 3607 996 3690 accipiendum
1023 3608 1143 3672 videtur

53 3692 173 3780 llesyeh.
203 3704 265 3768 hlil.
292 3705 330 3770 de
352 3706 434 3788 Orig.
460 3708 567 3772 Const.
595 3711 625 3781 §.
646 3702 704 3807 27.Ι
717 3723 747 3786 p.
763 3705 813 3771 68.
837 3705 883 3771 ed.
913 3705 1004 3772 0rell.
1030 3699 1142 3770 ἀναλα-

59 3851 340 3876 ’ᾕξ--ι-ι
370 3873 373 3878 .

112 3951 138 4020 9)
156 3955 269 4026 Saepius
289 3954 411 4011 scribitur
429 3951 590 4024 ἄγασοούνη
609 3953 657 4010 sed
674 3953 800 4011 mendose
820 3959 848 4010 ut
865 3954 1011 4020 κακοοσνη.
1143 3971 1156 3978 ··

113 4037 155 4107 10)
178 4042 232 4106 Τῆς
251 4037 411 4111 oppeciere
430 4069 460 4080 -
484 4037 586 4109 ἐρῆμον
611 4037 754 4107 Apollinar-
781 4038 866 4095 lxlv.
891 4039 934 4100 28.
959 4041 1004 4094 tin
1029 4038 1142 4096 discerni
1171 4041 1173 4044 ’

58 4120 131 4177 loten
149 4137 164 4178 a
183 4119 352 4194 θηρονόμον.
