2772 4992
214 275 284 344 360
558 263 884 336 Dissertatio
906 267 981 334 vin.

215 443 296 524 iloni,
317 434 451 521 antiquis
472 433 677 518 scriptoribus
696 433 834 515 ignotum
861 450 919 516 pro
944 429 1077 517 ἐμβατόν
1103 435 1325 516 decipiendum
1377 469 1378 520 p

216 539 336 605 uidetur
356 555 385 602 r.
405 533 516 600 Perall.
538 532 605 600 149.
627 533 773 598 Similiter
793 549 866 597 area
888 533 968 598 Circi
988 528 1085 616 adipe
1098 533 1214 598 dieitur
1228 535 1265 599 id
1281 543 1324 598 est

216 639 306 705 eolea
325 655 354 700 r.
376 635 424 700 liu
444 633 537 713 cmg.
559 637 589 696 et
611 625 900 714 soleaipduirpsvel
916 627 1017 715 ἐμβάς,
1038 633 1119 697 unda
1135 634 1326 716 Theopom-

216 754 275 820 pua
297 735 435 800 oomieus
455 735 588 812 Anytum
608 725 744 812 ἐμβάδον
764 723 827 794 aira
846 725 929 812 erepla
948 729 1004 806 τὰς
1021 727 1157 814 ἐμβάδας
1182 727 1232 808 ὡς
1255 747 1327 796 exo

215 831 269 902 νέα
295 836 411 914 Fragm.
439 829 507 895 Vol.
530 830 565 894 ll.
593 829 626 894 P.
653 829 688 896 ll.
714 829 785 896 813.
813 846 873 911 qua
905 832 1117 894 terminatione
1147 831 1270 896 Graeci
1298 833 1327 893 iu

215 930 474 1016 appellationibus
503 944 605 992 rerum
632 927 710 992 adeo
738 943 809 992 raro
828 929 887 992 'usi
913 936 985 992 sunt
1014 936 1047 993 ut
1073 945 1138 993 non
1161 931 1240 1013 plus
1265 948 1326 994 uno

215 1030 386 1112 exemplum
407 1027 546 1110 prolerre
567 1028 686 1108 possim
707 1023 847 1110 οαγάδην
866 1023 1018 1104 δύλανον,
1038 1024 1125 1091 ἄλλοι
1146 1023 1184 1090 δὲ
1202 1023 1328 1092 σάκταν

213 1127 338 1214 λέγουσι
357 1128 429 1192 Hes.
451 1125 507 1191 sed
529 1127 704 1207 dequenter
724 1127 864 1190 liomines
884 1128 929 1190 ita
949 1127 1187 1191 denominantur
1210 1145 1233 1190 a
1255 1144 1328 1190 mo-

214 1229 300 1294 ribus
320 1225 431 1308 quibus
449 1225 605 1288 notabiles
633 1233 705 1290 sunt
731 1221 861 1309 παναρός
893 1221 946 1288 eol
972 1221 1102 1308 αινάδης
1130 1218 1149 1288 ὁ
1180 1221 1327 1305 §mode

214 1329 280 1394 Eli.
301 1325 377 1409 622,
406 1322 456 1390 39.
485 1318 623 1406 avoided
649 1325 679 1389 id
709 1333 756 1390 est
780 1318 980 1404 ἄνελδύθερος
1006 1324 1079 1388 HeS.
1105 1315 1327 1405 ἅλωπεκάδης,

214 1419 349 1506 ἁλιάδος,
371 1417 589 1506 σνρόαπτάδης
610 1431 641 1487 et
662 1431 767 1488 oetera
787 1442 814 1490 u.
836 1423 875 1487 ad
896 1425 982 1504 djao.
1001 1422 1070 1488 391.
1092 1423 1210 1503 quibus
1232 1425 1326 1488 simi-

213 1523 255 1588 lia
275 1523 360 1588 dnxit
382 1521 567 1587 Graecorum
588 1525 795 1604 posteriorum
818 1522 1009 1587 consuetudo
1040 1523 1199 1585 uocabula
1229 1521 1327 1603 opifi-

215 1639 293 1704 cum,
314 1617 476 1704 ῥαφτάδες,
498 1615 669 1702 dormitas,
690 1617 879 1705 μαθημάδος,
901 1615 1079 1699 ξυλονάδες,
1100 1617 1274 1702 pauperes
1295 1637 1323 1680 u.

213 1721 262 1786 Ilu
282 1719 376 1801 Cang.
400 1720 432 1785 T.
454 1720 475 1784 l
494 1737 522 1801 p.
544 1721 620 1786 XIX.
661 1721 775 1786 Eadem
796 1739 870 1785 uero
886 1721 1147 1802 speeiesproprie
1167 1719 1327 1783 attributa

213 1827 262 1885 est
282 1820 380 1884 tribus
400 1819 575 1902 generibus,
597 1837 675 1900 quae
697 1830 784 1885 arcto
806 1823 885 1885 inter
906 1837 945 1883 se
963 1823 1129 1899 conjuncta
1149 1821 1323 1883 eontinen-

212 1928 261 1985 tur
283 1919 416 2001 vinculo,
437 1920 489 1983 uni
510 1920 733 2003 patronymico,
755 1919 837 2002 quod
858 1926 907 1984 est
928 1920 1059 1982 omnium
1073 1917 1322 1996 tundamentum,

206 2013 398 2100 Ἱπποτάδης,
420 2019 556 2083 seeundo
578 2019 734 2100 gentilicio
764 2013 1038 2100 Παροπαμισάδαι,
1062 2009 1191 2078 'liudoino
1218 2035 1250 2080 u.
1282 2011 1321 2076 ad

211 2119 320 2184 Buttm.
344 2116 473 2181 Gramm.
495 2135 523 2198 p.
545 2118 593 2182 43.
617 2119 707 2182 tertio
729 2118 947 2196 andronymico
969 2109 1138 2196 Εὐουάδης
1162 2109 1255 2196 παρά
1283 2105 1320 2174 ed

211 2211 304 2297 εὐρύς
324 2210 412 2302 τύπῳ
432 2218 660 2304 πατρωνυμικῷ
680 2217 746 2281 ΕΜ.
764 2209 914 2298 &appione
933 2216 1018 2280 lonis
1038 2216 1117 2278 lilius
1140 2213 1262 2277 Herod
1283 2211 1319 2274 V.

212 2315 262 2381 66.
279 2309 428 2398 Ἀρχάδης
447 2316 531 2380 Dent.
552 2331 577 2380 ο.
597 2316 685 2380 Lacr.
706 2315 777 2399 929,
793 2315 845 2380 tt.
859 2308 1038 2396 ,Ἀκεστάδης
1057 2314 1151 2376 Pauo,
1169 2311 1266 2394 L35,
1289 2309 1317 2372 2.

216 2411 396 2497 materiales
421 2413 534 2477 diesteh.
562 2429 586 2478 ο.
618 2415 692 2478 Tim.
723 2432 752 2496 p.
784 2414 830 2480 16,
858 2409 1054 2496 Χαιρητάδης
1081 2421 1110 2475 et
1131 2407 1318 2492 Χαρινάδης

209 2512 367 2592 Aristoph.
390 2527 468 2593 upuae
488 2519 560 2575 sunt
580 2511 811 2577 Atheniensium
831 2514 963 2596 nomina,
985 2511 1040 2576 sed
1062 2517 1093 2574 et
1113 2507 1317 2574 Doriensium

209 2607 364 2686 Αἰολάδας
385 2618 414 2674 et
431 2601 609 2685 Ἀδκινάδας
632 2613 777 2694 Spartani
799 2612 891 2675 diruo.
914 2611 962 2674 Ill.
985 2609 1034 2674 92.
1056 2610 1091 2673 V.
1107 2609 1157 2672 tt.
1177 2609 1317 2688 (omissa

209 2710 241 2772 in
262 2709 366 2790 Thea.)
389 2704 554 2788 Σακάδας,
576 2707 774 2793 Λακεστάδης
793 2711 884 2776 Paus.
905 2710 940 2774 ll.
962 2709 990 2792 6,
1012 2710 1040 2774 4.
1062 2715 1093 2773 et
1109 2701 1317 2792 Ὀθρυάδης3

209 2808 330 2889 Argivi,
359 2805 546 2889 Κορατάδας
572 2809 734 2874 Thebanus
762 2809 901 2891 Xenoph.
925 2801 1100 2890 Ἀθηνάδης
1127 2808 1312 2872 Trachinius

208 2903 321 2969 Herod.
346 2905 406 2969 Vll.
427 2903 496 2970 213.
514 2899 699 2989 Ὀοεσοάδας
718 2909 948 2990 Metapontinos
958 2907 1065 2970 lambi.
1079 2907 1114 2971 V.
1128 2907 1161 2970 P.
1175 2905 1313 2970 XXXVl.

208 2999 279 3070 267.
302 3012 357 3068 eto.
381 3003 548 3086 eodemque
569 2999 660 3086 modo
677 3009 838 3070 terminata
851 3009 1012 3088 peregrina
1025 3003 1222 3090 Δημοοοδης,
1244 3011 1311 3088 Λη-

209 3097 325 3186 οιάδης,
351 3098 530 3186 Παρισάδης
550 3123 577 3169 v.
601 3105 770 3169 Tzseliuok.
793 3105 832 3169 ad
853 3107 954 3172 sirau.
974 3105 1036 3170 Vll.
1049 3105 1119 3170 394.
1138 3107 1309 3170 Maatzner.

209 3200 248 3266 ad
269 3201 410 3266 Dinarelu.
432 3220 461 3282 p.
483 3202 531 3267 21.
552 3203 754 3288 Femininum,
776 3205 866 3285 quale
888 3203 1090 3284 aethelredo,
1112 3206 1143 3266 in
1163 3205 1308 3286 appella-

208 3301 280 3364 tivis
301 3318 364 3364 non
384 3303 564 3381 reperimua
610 3303 657 3366 Ex
685 3303 822 3367 seeundo
851 3303 1054 3368 declinatione
1082 3305 1143 3374 huo
1173 3306 1308 3386 pertinet

207 3399 424 3482 τηδελλαδοῦς,
439 3401 521 3482 quod
532 3401 724 3466 Herodianus
737 3405 860 3466 π.Μον.
870 3420 898 3482 p.
907 3402 955 3466 21.
972 3419 1040 3468 oum
1054 3402 1184 3483 υἱιδοῦς,
1197 3408 1305 3484 eupa-

207 3498 331 3580 τοιδοῦς
352 3501 512 3564 oonsooiat
534 3519 562 3565 v.
585 3499 624 3564 ad
642 3501 753 3581 Pdrpn.
775 3500 844 3566 299.
884 3501 932 3564 Ex
960 3503 1049 3566 tertia
1074 3504 1204 3584 primum
1224 3520 1306 3567 neu-

206 3604 272 3661 tra:
293 3597 418 3672 κίναδος
439 3603 527 3679 eujus
550 3600 636 3680 origo
658 3601 805 3682 nescitur,
833 3595 983 3680 epipedos
1002 3602 1021 3666 i.
1043 3618 1073 3682 q.
1102 3597 1221 3684 σπέρμα
1238 3603 1305 3666 Nic.

209 3695 261 3760 Th.
284 3695 352 3762 649.
372 3691 501 3778 χέραδος
521 3702 609 3780 eujus
629 3704 712 3762 extat
733 3700 831 3762 forma
863 3700 987 3763 brevior
1013 3696 1117 3782 prode,
1146 3708 1209 3764 tum
1235 3717 1304 3764 ma·
1370 3735 1373 3744 ·

205 3855 488 3869 *ἡ

206 3981 208 3986 .
271 3934 300 3999 3)
320 3933 349 3986 ln
367 3933 444 3989 oodd.
462 3934 891 4007 861110’09ρνάδααἈγελάδας
912 3953 964 3992 non
982 3935 1131 4008 οδἍγεδος
1145 3939 1302 3994 declinatum

203 4015 253 4070 aad
270 4019 441 4084 compositum
459 4033 519 4076 esso
539 4018 653 4082 ostendit
668 4020 803 4088 longitudo
820 4023 995 4090 penultimae,
1008 4025 1062 4076 -cui
1086 4025 1141 4076 iota
1157 4023 1301 4079 detractum

203 4102 244 4152 est
261 4102 339 4154 etiem
357 4115 372 4153 a
389 4100 487 4158 Latinis
504 4105 633 4170 Apelodaa
651 4101 750 4158 Colum.
770 4103 837 4159 Cult.
856 4105 931 4160 llort.
946 4121 970 4160 u.
989 4107 1031 4164 30.
1052 4107 1085 4160 ol.
1102 4108 1195 4162 Purall.
1215 4107 1273 4163 229.
