2788 4986
234 291 286 356 DE
307 289 399 355 MUT.
422 287 578 354 nnumin.
602 287 751 355 CAUSIS.
785 291 817 356 C.
831 291 866 354 11.
889 295 918 366 s.
932 289 959 355 3.
1106 293 1151 358 aa

69 457 241 540 transfertur,
263 473 362 538 neque
384 471 516 537 unquam
539 471 607 519 oum
629 471 706 520 sexu
728 453 882 536 depugnat
904 454 1061 522 articulus.
1089 456 1151 521 Sed

69 557 109 620 tic
133 573 222 638 saepe
251 561 470 636 compensatur
498 554 621 617 nomine
652 570 746 618 sexus
767 551 881 617 -διὰ
906 554 963 638 τῆς
984 545 1151 637 ὀνομασίας

69 655 121 718 τών
137 655 231 736 γονών
250 661 285 717 ut
306 651 490 733 Apollonius
511 653 647 734 loquitur
668 651 706 717 de
729 653 814 732 synt.
837 653 858 716 1.
880 653 909 717 5.
934 671 962 736 p.
982 651 1031 717 30.
1053 651 1147 716 allato

68 753 203 818 domenico
232 753 304 817 loco
333 747 477 834 μήτιας
505 739 566 815 οὖν
590 747 701 835 θήλεια
727 752 814 816 θεών
837 745 911 834 μήτε
928 773 974 826 τις
991 749 1090 834 ἀρορυ
1116 749 1149 816 li.

67 853 128 915 tiit.
148 853 172 917 i.
194 851 232 916 do
259 867 321 932 quo
351 851 455 916 Schol.
482 851 526 914 ita
553 849 694 915 disserit:
729 843 765 915 νδ
793 845 867 925 θεὸς
895 851 967 930 (hoo
990 851 1069 915 enim
1091 867 1147 931 pro

67 951 244 1016 Aristarcheo
264 951 352 1015 θεώυ
375 950 506 1030 oblinet)
527 942 654 1013 κοινόν·
679 937 707 1037 ᾦ
735 943 804 1014 ἀντὶ
829 951 888 1015 τοῦ
908 945 1033 1032 ἄρθρου
1053 971 1150 1037 παρπρ

66 1045 208 1115 πέπλεκται
231 1044 268 1114 τὸ
288 1045 407 1134 θήλεια
458 1050 510 1113 Sic
532 1050 623 1112 eliam
643 1047 696 1111 itte
717 1044 817 1133 ἀροηυ
835 1049 919 1132 βοῦς,
936 1049 1037 1132 θῆλυς
1057 1049 1150 1124 ἵππος

67 1153 206 1230 usurpavit
233 1167 333 1231 eaque
361 1148 516 1229 appositio
538 1148 570 1210 in
590 1147 764 1210 nominibus
786 1148 937 1228 pecudum
958 1165 996 1212 ac
1018 1149 1149 1214 lanarum

67 1247 98 1310 ab
123 1249 256 1313 omnibus
286 1251 497 1329 cujuscunque
525 1247 636 1309 aetatis
666 1254 696 1308 et
724 1253 829 1310 sectae
857 1248 1062 1329 scriptoribus
1092 1249 1150 1314 iro-

67 1354 210 1425 tprentatur
223 1343 341 1432 ἔλαφος
354 1339 465 1428 θήλεια
484 1343 568 1408 Pind.
583 1343 629 1409 01.
645 1343 693 1408 lll.
707 1344 756 1409 52.
777 1339 912 1428 ἡθὴλεα
925 1347 1017 1422 ἵππος
1037 1347 1149 1414 Herod.

67 1445 159 1512 iliad.
185 1447 278 1522 ἵππος
295 1440 408 1529 θήλεια
428 1443 504 1507 atat.
525 1443 614 1524 Hipp.
635 1443 705 1524 Maj.
727 1441 796 1509 288.
818 1445 850 1510 B.
872 1440 961 1510 κύων
980 1441 1080 1531 ἄρρην
1100 1461 1151 1527 καὶ

66 1543 151 1625 θῆλυς
168 1547 260 1612 arist.
283 1545 323 1610 de
346 1543 453 1609 Gener.
473 1543 529 1606 An.
551 1541 586 1606 11.
607 1541 636 1606 8.
658 1559 687 1621 p.
707 1541 776 1624 747,
790 1541 838 1608 30.
861 1549 892 1608 et
913 1545 944 1607 in
964 1549 1150 1626 promiscuis

66 1637 131 1706 λε’ων
148 1646 246 1728 θῆλυς
267 1643 341 1710 ibid.
363 1637 382 1714 ὁ
402 1643 504 1726 θῆλυς
523 1633 633 1722 ἐλέφας
650 1639 686 1704 ii.
708 1641 743 1703 A.
763 1640 840 1705 11.1.
859 1660 888 1722 p.
901 1641 971 1726 500,
988 1645 1033 1711 18.
1056 1640 1150 1732 ὁπῇ.

67 1742 111 1815 λυς
128 1736 212 1824 ὀρεύς
238 1744 289 1808 Vl.
311 1743 360 1808 24.
382 1759 411 1823 p.
432 1741 503 1822 577,
524 1739 573 1804 22.
602 1739 666 1802 τῶν
690 1739 839 1819 κορωυώυ
857 1739 891 1804 αλ
910 1738 1032 1825 θήλειαι
1052 1745 1099 1812 lli.
1120 1747 1150 1814 8.

68 1848 93 1902 ut
109 1841 201 1907 Latini
222 1844 328 1908 solent
346 1857 431 1922 poco
455 1837 618 1903 nnoscnlns
640 1844 670 1902 et
689 1838 828 1922 semine,
865 1839 923 1905 aas
952 1859 1023 1908 mos
1045 1851 1076 1909 el
1095 1847 1151 1927 se-

67 1941 139 2006 atr'no
158 1959 246 2024 puram
269 1957 373 2006 sermo
397 1939 537 2020 plebeius
558 1931 748 2018 βουθήλιιαν
769 1945 877 2021 vocat,
906 1946 938 2003 ut
965 1934 1153 2026 ὀνοθώλειαν

67 2041 183 2121 asinam3
210 2044 243 2106 in
265 2037 441 2103 hominibus
463 2037 585 2098 unicum
604 2037 677 2107 παῖς
698 2029 807 2118 ἀρρην,
828 2054 898 2102 nam
914 2043 987 2114 παῖς
999 2038 1152 2127 &pionica

67 2138 143 2203 antlr.
162 2141 240 2222 App.
263 2137 427 2204 CCCXLV.
448 2151 511 2198 non
533 2133 665 2214 pucilam
688 2134 839 2214 significat
856 2137 913 2201 sed
925 2139 1016 2204 liliam
1031 2147 1063 2204 ut
1076 2142 1152 2208 Plat.

67 2235 144 2316 λιρρ.
171 2239 231 2303 llll.
261 2237 334 2303 788.
361 2237 398 2301 λ.
424 2231 545 2298 παίδων
573 2225 714 2312 ἀρρένων
743 2229 797 2296 eol.
826 2237 962 2317 θηλειῶν
987 2238 1154 2322 λιδαποι,18

69 2335 194 2418 praedone
209 2337 357 2402 Sanctius
371 2335 496 2398 Minora.
510 2332 557 2396 iv.
571 2330 601 2413 d,
615 2331 684 2396 580.
698 2333 910 2413 superioribus
926 2338 1046 2401 confort
1060 2339 1152 2403 lnomo

68 2447 122 2495 mas
142 2441 171 2498 et
191 2436 285 2500 lnomo
308 2432 474 2515 masculus,
496 2433 527 2495 in
547 2431 648 2494 Plauti
669 2437 699 2494 et
720 2431 868 2496 Varronis
889 2433 968 2498 locis
990 2452 1053 2500 non
1073 2429 1154 2521 ἀνήρ

68 2531 237 2610 ελραίδιοῑια
259 2530 318 2597 ενδ
345 2526 506 2614 ἀνδρώδης
533 2531 599 2594 siva
627 2528 829 2615 mulierosus,
860 2549 960 2616 nequo
982 2534 1070 2599 aliter
1090 2537 1155 2602 Lu-

69 2629 303 2708 ἀπωλείας.
319 2631 368 2697 32.
390 2627 558 2713 ἄνθρωπος
570 2623 669 2710 ἀρορν
684 2627 801 2694 dixisse
814 2629 950 2713 videtur;
978 2631 1034 2700 sed
1050 2637 1154 2702 Theo-

69 2727 173 2795 dosium
192 2732 246 2796 illo
270 2749 332 2813 quo
356 2747 451 2811 supra
472 2745 547 2792 usus
570 2744 637 2793 sum
658 2727 728 2792 loco
752 2737 891 2809 apertum
910 2739 959 2794 est
981 2732 1155 2814 adjactione

70 2845 161 2892 senum
187 2831 354 2896 indicasse.
402 2828 496 2909 idque
523 2827 584 2890 hoc
611 2827 709 2891 miuus
737 2827 904 2892 mirandum
932 2831 1015 2911 quod
1037 2832 1155 2917 Gracci,

70 2928 119 2988 etsi
140 2929 220 2992 viros
243 2929 411 3010 praecipue
432 2921 620 3008 ἀνθρώπους
641 2926 798 2989 nominant
819 2933 852 2991 ut
870 2929 1015 2994 leschin.
1031 2946 1056 2995 o.
1072 2931 1154 2996 ths.

70 3023 142 3106 7⁰24·
154 3023 325 3109 πρεσβύτας
337 3021 535 3106 ἀνθρώπους,
548 3019 750 3106 πρεσβύτιδας
761 3029 920 3106 γυναῖκας,
933 3035 963 3090 el
978 3028 1155 3095 Dicaearch.

70 3121 119 3187 llil.
140 3123 242 3191 Gnaeo.
264 3144 293 3208 p.
317 3125 364 3190 17.
385 3125 479 3191 Huds.
507 3117 641 3209 ἡφοινὴ
662 3117 766 3186 αάιών
786 3123 972 3211 (milliorum)
993 3123 1075 3192 ἐοπλν
1095 3123 1156 3194 ἀτί·

69 3239 151 3304 acono,
170 3223 233 3289 nuic
253 3219 288 3288 di
309 3215 489 3309 ἀνθρώπων
509 3216 641 3305 ἀτερπής
652 3223 679 3263 ¹⁴
699 3221 804 3287 itidem
825 3230 857 3288 ut
877 3225 977 3290 Latini
997 3229 1041 3292 πιιΙ
1061 3227 1154 3293 domo

128 3445 168 3514 λδ)
190 3451 260 3506 Παῖς
282 3449 330 3500 καλ
350 3445 415 3515 κόρη
438 3446 557 3501 Philoslr.
579 3445 659 3513 imag.
679 3445 699 3500 l.
720 3447 759 3514 12,
777 3447 836 3506 789.
861 3447 938 3503 Αυδι.
956 3449 999 3504 lll.
1016 3449 1072 3507 146.
1092 3453 1157 3508 παῖς

72 3527 110 3576 aad
124 3532 257 3598 παρθένος
276 3529 374 3586 richilt.
393 3529 447 3584 Tel.
466 3530 488 3585 Ι.
508 3531 548 3598 10,
569 3529 608 3586 16.
635 3527 784 3599 παιδάριον
800 3533 846 3584 καὶ
864 3529 959 3602 πύρινον
978 3532 1081 3588 Heliod.
1101 3534 1155 3588 vii.

74 3609 106 3676 ta,
121 3611 176 3669 289.

130 3712 170 3780 ii)
192 3713 274 3782 Hurjns
298 3712 380 3769 iacilis
398 3717 440 3770 est
459 3719 585 3770 eorrectio
604 3711 721 3782 ἀνδρῶν,
740 3727 817 3782 quarn
834 3715 928 3771 suadet
946 3713 1103 3770 Fritzsolnius
1122 3717 1155 3770 ad

73 3789 212 3864 iiasncpn.
231 3797 292 3855 683.
315 3797 438 3867 idemque
461 3799 488 3850 in
510 3797 598 3851 Schoi.
623 3797 656 3850 titi
674 3795 699 3850 it.
724 3797 741 3850 l.
767 3799 874 3867 γυναιξὶ
895 3800 942 3851 καὶ
959 3803 1082 3870 βροτοῖς·
1112 3816 1155 3868 γε·

73 3873 138 3934 iit'we
158 3877 232 3934 εἶπεν
252 3879 288 3939 ὥς
302 3879 428 3940 Ἀλέξανδ
450 3881 515 3949 [sic]
539 3871 623 3946 ἦσαν
644 3881 824 3952 ἄνθρωποι
845 3885 948 3936 πέντε
966 3883 1023 3934 παλ
1042 3887 1155 3951 γυναι·-

74 3975 119 4016 λει·
139 3969 238 4032 τρεῖς·
267 3965 414 4016 πέπαικται
436 3955 485 4016 ούν
508 3965 585 4016 τοῦτο
608 3961 643 4023 ὡς
666 3963 696 4016 ἐν
715 3963 861 4033 κωμῳδίᾳ,
897 3979 948 4020 nott
969 3965 1157 4021 Alexandrinos

74 4041 198 4108 signiticari
220 4055 314 4104 censet
332 4047 379 4103 scd
397 4047 570 4104 Alexandrum
590 4047 727 4102 cornicum.
767 4047 867 4104 Eadem
886 4055 927 4105 est
943 4047 1069 4105 Meinckii
1092 4061 1156 4104 sen-

76 4127 143 4182 tentia
159 4127 228 4185 Com.
247 4131 305 4186 Vol.
325 4131 367 4186 lv.
386 4133 443 4190 555.
470 4131 657 4187 Alexandrinos
675 4136 762 4188 manen
781 4133 816 4188 ita
832 4134 954 4201 loquutos
973 4146 1033 4190 esse
1051 4137 1159 4200 apparat
