2788 4986
206 227 230 294 o
570 227 894 294 ntssnnrnrto
926 229 948 294 l.

208 393 304 474 pcipe
331 383 373 466 ὦς
394 384 412 455 ὗ
432 386 530 468 τύλος
557 385 619 458 ἀπὸ
638 394 694 476 τῆς
713 388 828 476 πύλης,
857 411 1032 476 quanquam
1051 394 1113 460 hoe
1134 394 1206 461 Seli.
1226 395 1263 461 lt.
1284 397 1320 461 V.

210 488 280 556 397.
302 491 496 573 metaplastis
516 492 710 576 adnumerat,
732 510 811 574 quac
832 511 852 556 a
871 492 1159 574 paraschematistis
1181 497 1323 562 secernit

210 589 275 656 EM.
297 590 368 674 572,
388 589 437 654 23.
458 585 495 654 τὸ
515 584 677 672 οὐδέτερον
696 588 730 656 ἐν
748 591 1031 677 παρασχηματισμςό
1053 584 1071 654 ὁ
1091 587 1184 667 καλός
1205 588 1242 657 τὸ
1265 617 1323 658 τια-

211 685 278 768 tto,
305 684 354 754 διὸ
376 683 505 772 κοίτην
525 683 653 754 εὐθεῖαν
671 692 736 754 τῶν
755 691 976 774 πληθυντικῶν
995 683 1035 753 τὰ
1054 687 1134 754 καλὰ
1155 685 1196 755 οὐ
1216 689 1324 776 φαμὲν
1382 734 1383 822 η

211 785 437 873 μεταπλασμόν,
459 783 495 852 τὸ
514 783 547 851 δὲ
566 785 663 871 λύχνα
679 788 730 854 καὶ
751 786 902 856 δάκτυλα·
923 782 963 854 οὐ
984 783 1045 870 γάρ
1065 785 1129 854 ἐστι
1148 785 1185 854 τὸ
1203 788 1326 874 λύχνον
1382 831 1383 840 2

214 896 273 954 etc.
323 887 564 955 Choerolroscus
596 889 692 954 Belrlr.
722 908 752 971 p.
781 890 869 956 1368.
890 891 920 955 b.
953 882 971 953 ὁ
999 885 1110 964 σκότος
1135 885 1171 953 τὸ
1198 889 1323 972 σκότος,

215 981 234 1052 ὁ
259 983 378 1072 ἔλεγχος
409 980 446 1050 τὸ
480 982 613 1069 ἔλεγχος,
654 981 671 1051 ὁ
699 983 822 1070 τάριχος
845 983 882 1052 τὸ
906 983 1030 1070 τάριχος
1058 981 1120 1052 οὐκ
1146 986 1210 1053 ἔστι
1241 989 1326 1055 κατὰ

214 1079 509 1172 ταρασχηματισμόν
528 1080 605 1150 dttd
631 1081 712 1151 κατὰ
730 1083 902 1172 μεταβολὴν
920 1083 1068 1172 γένους.4
1108 1087 1208 1153 Nobis
1228 1091 1326 1170 igitur
1383 1084 1384 1148 l

215 1203 307 1270 quum
328 1188 406 1251 hacc
426 1192 563 1250 veterum
584 1187 794 1251 inconstantia
811 1187 984 1252 libertatem
1001 1187 1220 1268 optionemque
1234 1188 1326 1254 daret
1383 1189 1384 1192 ’

216 1285 347 1367 eligendi
363 1283 446 1368 qnod
460 1285 616 1369 vellemus,
638 1285 924 1367 paraschematismi
938 1302 1051 1351 nomen
1065 1287 1260 1366 aptissimum
1273 1290 1325 1351 vi-

217 1403 284 1450 sum
306 1384 345 1448 ad
367 1385 583 1465 significandas
605 1387 760 1448 nominum
789 1390 1023 1466 conjugatorum
1044 1385 1230 1448 mutationes
1254 1387 1325 1449 lor·
1384 1431 1385 1476 ρ

216 1484 330 1568 males,
360 1485 420 1546 hoc
448 1490 497 1546 est
518 1500 573 1547 eas
595 1483 706 1564 quibus
728 1484 853 1546 schema
873 1491 1023 1566 mutatur,
1055 1482 1230 1547 intellectus
1259 1502 1327 1549 non

216 1585 298 1648 item.
335 1584 470 1647 Mutatur
492 1590 593 1646 autem
614 1583 751 1645 motione
773 1587 804 1645 et
826 1580 1094 1664 denominatione,
1122 1597 1250 1662 qnarnm
1271 1583 1328 1646 illa

217 1681 295 1746 duas
317 1681 409 1744 nabet
431 1681 564 1763 speeies,
586 1698 676 1744 unam
696 1681 854 1744 sexualcm
872 1699 933 1762 qna
951 1699 1007 1762 pro
1026 1676 1138 1764 θήλεια
1152 1678 1227 1756 θεός
1243 1681 1326 1746 dici-

219 1786 268 1842 tur
284 1773 344 1842 θέα
359 1779 408 1842 vel
420 1774 547 1862 θέαινα,
570 1778 697 1843 alteram
714 1778 928 1844 deminutivum
944 1788 975 1844 et
992 1781 1081 1861 quasi
1098 1779 1326 1866 deminutivum,
1385 1782 1386 1846 l

220 1881 309 1958 cujus
338 1877 495 1958 specimen
525 1884 574 1942 est
594 1877 755 1953 παιδίσκος
776 1896 832 1959 pro
852 1887 924 1953 ταῖς
943 1873 1067 1964 μικρός,
1102 1878 1238 1943 oleaster
1266 1898 1326 1961 pro

220 1976 290 2041 olea
311 1977 461 2058 agrestis;
484 1976 561 2040 lraec
583 1977 661 2040 enim
683 1979 829 2042 motionis
851 1986 927 2043 nota
947 1980 1075 2060 propria
1096 1978 1247 2060 estquod
1266 1980 1327 2044 ad-

215 2078 401 2156 jectivorum
417 2075 503 2139 vices
518 2076 621 2157 explet
638 2082 678 2160 et,
700 2077 854 2157 quomodo
877 2077 954 2141 hacc
976 2078 1021 2141 rei
1041 2079 1223 2158 suppositae
1245 2097 1326 2160 qua·
1386 2130 1387 2166 ÷

218 2175 335 2240 litatem
363 2173 566 2240 determinant
595 2177 666 2239 eine
693 2179 914 2240 consonatione
942 2175 1148 2240 substantioe
1175 2175 1326 2243 Priscian.
1386 2167 1387 2170 '

218 2275 254 2340 ll.
275 2276 304 2358 5,
326 2274 375 2338 25.
401 2274 445 2336 ita
466 2273 613 2337 motionis
636 2274 752 2337 iormoe
783 2273 858 2336 nihil
881 2272 962 2337 aliud
983 2275 1044 2337 nisi
1065 2271 1214 2354 quasdam
1236 2279 1325 2356 ejus-

220 2372 288 2437 dem
311 2373 443 2452 subjecti
463 2371 693 2436 vicissitudines
715 2372 935 2438 demonstrant.
977 2373 1192 2438 Denominatio
1212 2372 1327 2455 duplex

220 2478 278 2554 est,
301 2487 361 2534 una
383 2471 611 2550 transgressiva
636 2487 655 2532 a
675 2470 806 2534 diversis
828 2471 969 2552 partibus
991 2471 1152 2552 orationis,
1174 2486 1266 2551 quam
1287 2475 1326 2538 alt
1387 2480 1388 2558 l

219 2567 278 2632 hac
294 2567 503 2650 disputatione
520 2573 690 2648 sejunctam
703 2570 868 2650 habemus3
891 2571 989 2634 altera
1001 2570 1198 2634 intransitiva
1211 2571 1250 2634 ab
1268 2572 1327 2636 iis-

221 2665 305 2748 dem3
344 2666 428 2748 quod
460 2682 559 2747 genus
598 2667 636 2732 ab
664 2685 725 2731 una
752 2685 830 2732 voce
858 2663 985 2732 ἄκανθα
1011 2669 1079 2732 avis
1113 2667 1327 2735 denominatur

220 2757 355 2840 ἄκαυθίς
382 2766 447 2829 sive
469 2759 656 2846 ἀκανθαίίς,
685 2774 716 2830 et
736 2766 911 2848 quadrupes
934 2759 1112 2844 ἀκανθίαν,
1140 2773 1202 2831 tum
1229 2772 1326 2850 piscis

221 2864 388 2946 plantaque
409 2873 440 2930 et
462 2865 569 2929 cicada
591 2858 762 2941 ἀκανθίας,
785 2882 864 2946 quae
887 2882 950 2929 non
971 2865 1094 2945 generis
1117 2873 1147 2928 et
1168 2884 1274 2953 sexus,
1294 2877 1327 2933 ut

220 2965 345 3027 nomina
366 2971 459 3048 mota,
479 2963 690 3030 'diversitatem
712 2963 768 3029 scd
787 2964 879 3046 plane
894 2963 976 3028 aliud
992 2971 1084 3046 atque
1100 2965 1254 3045 primitiva
1265 2985 1326 3032 von

225 3127 512 3142 ——n

219 3218 313 3300 λοῦται
330 3221 387 3276 ΕΜ.
401 3223 459 3290 429,
473 3222 514 3280 35.
535 3221 583 3276 sod
607 3219 659 3276 lroc
681 3233 786 3289 quoqne
809 3217 917 3274 verbum
939 3219 1018 3274 latins
1037 3222 1123 3287 patet:
1156 3216 1190 3270 τὰ
1213 3221 1326 3293 τριγενῆ

221 3303 261 3360 εἷς
277 3303 310 3356 τὰ
327 3307 392 3374 γίνη
410 3307 457 3358 καί
475 3304 537 3363 τούς
554 3303 691 3377 ἀριθμοὺς
707 3304 754 3355 καὶ
771 3301 819 3360 τὰς
834 3301 948 3359 πτώσεις
963 3304 1229 3370 μετασχηματίζεται
1245 3304 1325 3374 Apol.

221 3385 273 3440 lon.
297 3386 330 3442 de
348 3386 423 3442 Pron.
442 3403 469 3457 p.
490 3387 546 3444 ret.
573 3387 691 3442 Ammon.
712 3386 744 3441 ad
762 3386 841 3440 Arist.
860 3403 889 3436 τι.
905 3382 987 3456 Ἔρμ.
1006 3398 1032 3452 p.
1051 3384 1090 3440 19.
1106 3389 1157 3438 etc.

286 3493 315 3561 l]
346 3495 455 3552 Diversa
478 3495 583 3564 copulat
605 3494 694 3549 Schol.
721 3493 769 3548 0d.
793 3493 823 3548 V.
850 3493 909 3550 281.
934 3489 1026 3563 ἐρινόν
1050 3492 1232 3563 Ἀρίσταρχος
1263 3495 1324 3548 ἀντὶ

220 3575 270 3628 τοῦ
286 3575 374 3648 ἰρινός
391 3578 461 3632 κατὰ
478 3578 633 3648 μεταβολὴν
648 3578 697 3630 τοῦ
715 3580 811 3646 γένους
828 3573 863 3634 ὡς
878 3575 977 3644 δίφρος
990 3575 1086 3645 δίφρα,
1110 3576 1285 3633 pisciculi.
1302 3580 1322 3634 l.

220 3661 280 3719 ³12.
298 3662 414 3714 κέλευθα
429 3662 566 3732 μεταβολὴ
578 3664 674 3732 γένους
691 3659 727 3718 ὡς
743 3660 773 3712 τό
789 3658 926 3731 τράχηλα,
949 3656 1051 3726 λύχνα,
1072 3658 1174 3730 (lippa,
1200 3658 1323 3730 ἐρετμόν.

219 3744 285 3800 Narn
304 3745 367 3814 hoc,
394 3748 456 3814 qnia
479 3747 506 3800 in
524 3747 649 3814 singulari
667 3747 796 3815 reperitur
815 3756 937 3810 numero,
961 3743 1201 3812 paraschematistis
1221 3743 1342 3799 adseri..

220 3827 335 3885 bendum
352 3833 406 3898 esi,
429 3834 457 3883 ul
474 3826 487 3881 ὁ
506 3827 596 3898 θύμος
611 3829 641 3882 τὸ
659 3827 761 3897 θύμον,
785 3823 799 3879 ὅ
817 3823 962 3898 μάργαρος
978 3824 1007 3877 τὸ
1025 3825 1182 3900 μάργαρον,
1207 3824 1221 3878 ὁ
1240 3829 1321 3897 κρῆθ-

219 3932 272 3982 μος
288 3912 318 3966 τὸ
335 3912 477 3983 κρῆθμον,
505 3909 613 3972 inicos
630 3909 659 3964 τὸ
678 3915 759 3964 κτίσον
776 3914 827 3967 citt.
854 3909 903 3965 sed
921 3908 1023 3980 δίφρα,
1044 3908 1107 3982 ῥινοὶ
1127 3915 1178 3965 etc.
1207 3909 1321 3966 detecti-

219 3998 268 4052 vis.
310 3995 350 4050 Ab
372 3998 488 4066 utrisque
506 3994 591 4052 dillert
607 4011 640 4054 ea
657 3996 762 4065 generis
779 3992 910 4052 oretabcle
930 4007 982 4064 qun
999 3996 1146 4050 terminatio
1166 4008 1218 4050 non
1236 4002 1321 4050 muta-

219 4086 274 4136 tur:
302 4078 410 4140 σκότος,
430 4077 549 4153 τάριχος.
