2750 4994
220 279 288 350 178
567 276 890 344 DISSERTATIO
920 275 967 342 IV.

219 446 367 528 Hesychii
386 445 497 529 glossa
515 438 653 526 ὑδρανός
670 437 688 506 ὃ
707 437 851 526 &unrocus
864 443 927 507 τῶν
937 435 1178 524 macunen
1198 441 1230 506 ic
1243 460 1330 524 quo-

223 563 284 628 que
306 544 439 610 uuorbo
460 545 560 627 repeti
582 546 716 623 oportet.
757 542 868 606 Verum
889 537 1051 624 φάσγανον
1063 537 1329 624 οοοαφαογάνω

224 651 325 710 ortnrn
345 643 450 710 dicunt
471 643 528 710 sed
547 637 634 723 παρὰ
652 635 689 706 τὸ
709 636 810 724 φάναι
831 641 900 705 Scir.
921 640 1005 705 Pind.
1027 639 1112 704 Nern.
1137 640 1160 704 1.
1180 641 1230 706 80.
1251 642 1329 706 Hos.

224 744 274 810 rel
294 762 314 808 o
332 738 439 827 σφαγή
460 743 533 807 ΕΜ..
547 743 614 825 (ubi
634 743 783 807 mendose
804 741 951 820 scriptum
973 747 1022 804 est
1043 739 1156 822 φᾶσαι)
1179 744 1211 803 ct
1231 733 1331 822 tery-

223 863 321 926 yorooe
340 835 359 908 ὁ
378 837 421 926 μὴ
441 835 546 904 θέλων
564 841 759 924 προρεγγλσαο
784 833 869 920 παρὰ
894 833 930 902 τὸ
956 839 1038 919 θίγω
1065 839 1130 903 ΕΜ.
1159 837 1209 921 25,
1239 839 1292 905 28.
1305 844 1331 882 ¹²

223 941 372 1008 novitium
399 940 474 1006 illud
499 939 620 1021 quidem
653 945 688 1005 ut
721 939 878 1021 proprium
903 930 1118 1019 Ἑααλγγανος
1148 956 1176 1003 r.
1213 939 1328 1004 Purull.

224 1059 254 1124 p.
277 1039 324 1106 10.
347 1039 488 1104 orebrnur
506 1040 538 1102 in
559 1037 814 1120 inscriptionibus
834 1035 947 1100 latinis.
987 1037 1113 1118 Antiqui
1141 1045 1244 1102 autern
1267 1057 1330 1106 no-

224 1138 316 1204 rninis
337 1138 518 1220 exemplum,
540 1137 624 1219 quod
644 1137 738 1220 plano
757 1141 881 1200 constet
901 1152 920 1198 a
940 1135 1036 1200 verbo
1057 1137 1088 1200 in
1109 1123 1176 1200 ὦῗω
1193 1146 1330 1202 exeunte

225 1235 409 1302 declinatum
432 1251 521 1320 esse,
551 1252 663 1302 uereor
690 1241 725 1299 ut
750 1233 878 1316 reperiri
907 1234 1018 1315 possit.
1064 1235 1141 1298 Nono
1160 1231 1291 1319 θηγάνη
1314 1256 1330 1300 a

224 1327 314 1417 oripo
335 1333 440 1416 potius
462 1335 683 1401 arcessendum
704 1337 754 1398 ost
774 1347 865 1414 quum
886 1332 924 1396 eh
948 1331 1082 1396 obscuro
1107 1334 1161 1398 ilio
1183 1331 1329 1416 θιγγάνω,

225 1439 257 1500 et
278 1428 455 1512 ὀλλοθανος,
477 1435 505 1498 si
526 1437 738 1515 incorruptum
759 1437 808 1496 est
829 1426 1072 1512 ὀλισθανώαερος
1090 1431 1193 1498 Galen.
1209 1434 1327 1498 Cornrn.

225 1533 258 1598 in
278 1531 311 1598 L.
333 1531 372 1597 de
392 1533 491 1599 Fract.
513 1535 563 1599 ΙΙΙ.
584 1532 635 1616 59,
655 1531 729 1634 634.
756 1531 788 1597 Τ.
814 1531 917 1596 xviri.
938 1531 970 1596 P.
999 1530 1036 1595 ΙΙ.
1065 1531 1103 1596 ab
1131 1526 1253 1596 ὀλλθω
1282 1535 1329 1598 rei

224 1627 361 1706 tuncne

310 1736 340 1805 s.
362 1729 391 1794 2.
433 1731 658 1797 Anominibns
680 1731 796 1812 prinae
818 1727 1032 1794 declinationis
1062 1721 1121 1811 ἀκή
1149 1723 1271 1806 ἄκανος
1291 1767 1329 1778 -

226 1823 319 1913 ἑλάνη
339 1823 424 1910 παρὰ
449 1823 508 1914 τὴν
535 1827 608 1914 ἕλην
627 1830 739 1896 Athon.
761 1827 831 1894 699.
854 1828 891 1894 Α.
912 1822 1009 1902 Δάνα
1035 1828 1178 1910 γογγυλίς
1207 1836 1240 1892 ct
1262 1823 1331 1894 Ῥα-

225 1931 276 2006 oric
296 1929 448 2012 γογγυλίς,
471 1929 501 1994 οἱ
527 1925 560 1994 δὲ
586 1924 754 2013 λαμψάνην
775 1926 908 2005 Hosyoh.
935 1921 956 2009 ἡ
982 1921 1064 2009 ὑγροὶ
1091 1928 1185 1992 πίσσα
1213 1927 1268 1994 καὶ
1294 1925 1330 1994 τὸ

225 2031 379 2096 πλοοανον
401 2027 505 2094 Galen.
531 2029 645 2094 Corum.
666 2029 698 2092 in
719 2025 807 2108 Epio.
828 2026 876 2090 Vi.
897 2025 926 2107 4,
947 2025 1018 2092 328.
1040 2027 1072 2092 Τ.
1093 2027 1182 2092 XVII.
1203 2028 1236 2093 Β.
1251 2031 1289 2094 11.
1302 2029 1330 2070 ¹³

226 2127 366 2216 οαργοὶνη
387 2130 454 2195 sivo
476 2129 569 2193 attice
589 2122 727 2211 ταργάνη
747 2127 813 2192 ΕΜ.
835 2143 872 2189 en
894 2121 1013 2209 οαγὴνη
1043 2143 1228 2192 conrersunr
1257 2131 1331 2196 dioit

224 2231 412 2315 interposito
433 2227 524 2292 litera
545 2227 617 2308 riro;
639 2227 730 2292 uliam
751 2242 826 2292 roro
850 2225 997 2304 originem
1023 2225 1155 2290 obscuro
1177 2228 1331 2307 significat

225 2329 400 2410 Hesychius
425 2321 530 2410 Τράγη
551 2320 745 2408 πεπλεγμένη.
785 2323 1001 2389 Anonrinibus
1015 2321 1331 2401 secundaecrirog-

225 2423 354 2511 τνκάνη,
366 2426 393 2468 ¹⁴
413 2421 591 2506 αόπρος.-
611 2419 650 2488 τὰ
667 2419 809 2506 κόπρανα
828 2424 974 2504 Hippocr.
996 2429 1027 2487 et
1047 2424 1142 2506 Aret,
1161 2423 1192 2487 oi
1203 2425 1331 2490 caturci

225 2527 376 2610 αορλανον
395 2524 555 2601 καλοῦσιν,
578 2522 609 2588 οἱ
630 2519 664 2588 δὲ
682 2519 826 2606 νεώτεροι
846 2518 945 2603 ἰατροὶ
964 2517 1076 2597 πάντες
1095 2519 1205 2608 κόριον
1224 2524 1330 2591 Galen.

227 2625 334 2706 Simul.
363 2624 467 2705 Temo.
493 2623 569 2688 vlu.
597 2621 646 2688 43.
674 2639 704 2704 p.
731 2621 781 2690 36.
811 2622 843 2686 Τ.
871 2622 933 2686 Xll.
959 2620 1053 2705 λῆόος
1077 2619 1217 2706 λήδανον
1242 2625 1330 2689 broni

227 2723 319 2804 alpha
339 2728 373 2786 ut
395 2729 524 2804 apparet
546 2739 584 2786 cx
603 2721 811 2787 Andromachi
832 2721 985 2804 versibus,
1005 2721 1079 2786 ioco
1097 2717 1136 2786 τὰ
1156 2719 1330 2807 βαλλόμενα

227 2815 369 2888 ἀπὸτοῦ
390 2815 467 2884 ἱέναι
489 2820 622 2902 Ηοογολι.
645 2821 750 2902 potins
773 2818 811 2884 ab
834 2814 881 2894 ἰός
901 2826 934 2884 ut
955 2816 1067 2905 ἐργάνγ
1089 2829 1120 2886 et
1140 2817 1274 2905 ἓργανον
1293 2821 1329 2889 τὸ

225 2917 382 3005 ἐργαλεῖον
417 2919 456 2986 ab
484 2915 583 3003 ἔργον.
632 2920 714 2985 Idem
745 2913 926 3000 μούσχανον
958 2917 1092 3000 βλαονόν
1117 2938 1174 3003 pro
1202 2920 1328 3008 μόσχον.

225 3022 350 3085 noeane
372 3017 543 3084 Salmasius
565 3017 604 3082 ed
624 3018 750 3099 Vopiso.
772 3019 806 3080 V.
829 3018 920 3082 Firmi
941 3018 990 3084 ΙΙΙ.
1018 3020 1086 3085 700.
1116 3017 1261 3104 ορολχος.
1302 3026 1330 3089 Α

227 3119 318 3184 tertio
338 3111 432 3201 γέρην
454 3127 551 3200 (grus,
571 3115 670 3198 λίνον,
692 3115 845 3199 Krooict)
871 3112 1002 3200 γέρανος
1021 3151 1058 3165 -
1086 3115 1201 3203 λεκάνη
1227 3118 1329 3204 naon

295 3354 340 3422 11)
362 3351 495 3408 Accontus
516 3352 587 3407 ducit
604 3352 637 3408 od
653 3349 782 3422 ioooyoo,
801 3352 872 3421 quod
888 3367 940 3407 non
958 3354 1062 3421 iegitur.

293 3436 339 3504 12)
362 3434 544 3504 unoqurorun
564 3435 699 3491 doctorum
716 3437 831 3490 nonnulii
851 3435 981 3502 Cingonos
998 3435 1139 3504 significari
1159 3441 1326 3498 crediderunt

224 3533 249 3576 v.
270 3519 417 3577 Greiinrunn
439 3517 519 3571 veter
535 3518 576 3570 dte
592 3520 716 3586 zioeooer
732 3535 758 3588 ρ.
779 3521 835 3575 177.
855 3520 904 3575 sed
922 3521 969 3574 init
980 3521 1050 3576 istud
1062 3520 1257 3578 hoereticorum
1277 3541 1327 3579 no-

226 3617 284 3661 rnen
301 3603 347 3672 qui
365 3603 430 3658 elius
447 3601 569 3668 Atinguni
585 3605 672 3656 vocati
696 3607 756 3658 runt
779 3608 806 3658 et
823 3602 977 3670 Publicieni,
997 3604 1094 3662 diversi
1111 3619 1127 3660 a
1143 3605 1327 3666 Melchisede-

226 3688 317 3752 ciunis,
336 3684 460 3754 quorun
479 3683 592 3750 cangius
612 3691 745 3741 memorat.

292 3768 337 3837 13)
361 3767 485 3820 Πιττωτὰ
503 3763 517 3830 ἢ
537 3766 714 3836 &concuteret
742 3771 789 3821 καὶ
806 3773 905 3824 utrm
925 3771 992 3840 (sic)
1012 3770 1111 3827 Comm.
1130 3775 1158 3828 in
1175 3774 1205 3830 L.
1225 3777 1259 3833 rlc
1278 3777 1325 3833 Off.

225 3849 295 3908 Med.
315 3851 362 3907 111.
382 3851 423 3917 2³,
442 3850 501 3908 894.
521 3848 549 3904 Τ.
566 3849 656 3906 XVIII.
675 3851 703 3905 P.
722 3852 744 3906 1.
1367 3885 1368 3888 =

290 3933 336 3999 14)
357 3932 404 3988 Sic
419 3931 578 4000 Eustuthins,
597 3937 647 3990 etsi
662 3934 794 4006 discrepet
811 3952 887 4004 usus;
911 3953 969 3993 nour
993 3938 1094 4004 τακλνγ
1120 3946 1162 3996 est
1184 3932 1203 4012 ᾗ
1229 3943 1326 3996 citerior

225 4016 285 4073 τοὺς
302 4014 451 4084 ἀστάχυας,
470 4013 504 4079 ἢν
522 4015 573 4068 νῦν
588 4016 658 4068 κατὰ
676 4020 868 4088 παραφθορὰν
886 4019 1024 4085 iconomo
1040 4023 1150 4091 λέγουσι
1164 4025 1324 4095 Moscnoput.

223 4099 290 4152 iiiut.
309 4099 360 4152 ,tto
379 4113 401 4152 s.
424 4099 450 4152 ir.
468 4111 493 4151 v.
