2758 4994
217 290 286 357 ‘2⁶28
563 286 886 358 olssuarnrlo
914 287 963 353 lv.

220 457 322 524 vorbis
345 462 491 521 contenta
513 463 584 522 sunt
606 451 726 541 ἄμυνα,
747 449 878 534 εὔθυνα,
899 448 1047 540 οῑοηύνη,
1068 449 1202 537 τορύνη,
1223 449 1337 535 ἄρτυ-

219 577 275 632 νος
294 563 325 620 et
339 549 482 640 ἇητύνης,
503 551 640 632 odhones
660 563 690 622 et
710 548 858 636 εὐθύνης,
870 547 1006 627 Ὀλννος
1018 546 1228 636 ἀποκάθαρμα
1251 555 1336 620 Hes,

222 673 240 720 a
256 650 391 738 μολύνω,
410 647 584 738 ’Apidones
604 655 754 720 Corinthii
768 651 926 733 eujusdam
941 667 1054 716 nomen
1068 652 1174 733 Polyb.
1189 653 1337 734 adjecti-

222 773 352 838 vumque
366 751 533 838 θάρσυνος.
567 755 640 819 Cum
656 753 830 818 nominibus
851 768 925 816 vero
946 747 1096 834 κόρυς
1109 747 1238 834 κορύνη,
1265 757 1339 834 χεῖ-

222 857 275 930 λος
293 851 414 938 petriam,
435 851 536 938 βάθος
555 851 674 936 βόθρος
693 848 840 936 lichenes,
863 852 1028 932 aproprio
1053 852 1172 932 Δελφοί
1185 849 1338 936 debuerim

226 953 274 1018 uel
301 949 455 1038 δελφύνης
481 953 575 1017 druco
602 953 732 1034 Python.
773 949 865 1014 Urbis
891 945 1031 1031 Ταμύνοο
1062 956 1093 1014 et
1114 951 1237 1016 Cereris
1272 975 1340 1034 χα-

223 1049 331 1136 μύνης,
352 1069 443 1134 quam
465 1053 667 1134 Spanhemius
689 1050 728 1115 ad
749 1050 825 1116 Call.
840 1049 875 1114 ll
888 1049 974 1114 llian.
993 1049 1022 1114 3.
1045 1051 1138 1113 tacite
1158 1051 1189 1113 in
1209 1049 1338 1133 χαμεύ·

223 1173 282 1233 νην
302 1158 408 1234 mntat‚
429 1167 508 1232 qnae
531 1151 571 1214 sil
593 1151 691 1232 prime
705 1150 821 1230 positio
845 1144 980 1230 (χάμονα
993 1165 1031 1211 an
1046 1144 1182 1232 χαμύνη)
1195 1156 1227 1214 et
1242 1151 1339 1232 quod

225 1257 365 1332 etymon,
393 1249 496 1314 dicere
517 1249 635 1314 nescio.
674 1242 791 1331 Ὀδύνη
820 1252 891 1313 sunt
917 1248 1057 1328 quicum
1078 1243 1138 1330 δύη
1160 1257 1338 1330 cognatum

225 1355 333 1432 putant
360 1353 414 1425 (nt
435 1343 567 1430 δύρομαι
593 1341 763 1431 ὀύύρομω)
792 1353 823 1410 et
849 1341 983 1428 λάηονος
1010 1363 1067 1411 sen
1093 1343 1229 1430 λύνηνος
1259 1367 1336 1413 cum

224 1443 338 1529 λαγών,
359 1443 489 1530 pamm
509 1465 577 1512 cum
598 1463 771 1528 synonymo
792 1441 935 1528 ηύρινος,
956 1444 1012 1510 sed
1032 1445 1069 1509 de
1089 1442 1203 1530 οιβύνη
1224 1455 1257 1512 οι
1282 1447 1337 1511 σι’-

224 1568 336 1630 ηυνος,
357 1545 455 1628 deque
475 1547 593 1611 neutris
615 1541 753 1628 ύβηννον
774 1553 805 1609 et
822 1539 961 1625 edpwov
980 1545 1046 1608 sive
1064 1539 1215 1627 κάροινον
1234 1563 1335 1611 nemo

227 1651 332 1726 speret
359 1645 522 1728 quidquam
550 1663 614 1710 non
642 1659 772 1727 prorsus
793 1643 995 1724 improbabile
1023 1643 1082 1707 diei
1109 1661 1217 1724 posse.
1259 1645 1335 1709 Ad-

223 1745 371 1826 jectivum
395 1740 555 1826 θάρσυνος
580 1751 615 1808 nt
644 1761 663 1810 o
689 1742 785 1807 verbo
807 1744 911 1824 potius
932 1750 1104 1824 repeterem
1123 1760 1337 1827 maoropara-

226 1843 308 1908 lecto
331 1861 421 1925 quam
442 1837 607 1926 ιθαοούς,
628 1843 778 1924 permovit
799 1858 847 1906 mo
868 1859 1105 1922 paronyrnorum
1125 1844 1251 1907 novitas
1275 1861 1335 1906 ra-

227 1945 381 2023 ritasque;
421 1938 533 2020 ὄξινος
560 1941 677 2024 Geopp.
697 1943 746 2008 vl.
766 1943 794 2008 5.
824 1949 855 2008 et
874 1943 948 2007 lles,
966 1960 992 2007 s.
1020 1943 1160 2006 Σίτανον
1186 1942 1273 2007 docti
1300 1944 1333 2004 in

160 2121 166 2136 .
227 2037 329 2119 ὄξινος
350 2043 399 2107 vol
419 2035 522 2124 ὀξίνης
546 2039 721 2106 mutandum
752 2050 879 2106 censent
906 2059 934 2106 v.
956 2041 1072 2106 Gorues
1101 2039 1140 2105 od
1171 2041 1331 2105 Plutarch.

228 2142 261 2205 T.
280 2141 326 2205 Vl.
341 2141 412 2207 374.
436 2140 492 2205 sed
512 2139 625 2204 herbae
646 2156 758 2205 nornen
778 2134 882 2218 ὀξονις
901 2141 921 2204 i.
944 2158 974 2222 q.
996 2133 1096 2216 ὀξαύύς
1115 2157 1225 2204 rumex
1246 2139 1331 2222 opud

228 2239 423 2321 Neophytum
442 2240 553 2320 legitur
572 2256 600 2304 v.
623 2241 752 2304 Salmas.
780 2239 876 2305 Plinn.
892 2259 921 2322 p.
937 2238 1006 2304 906.
1020 2240 1052 2303 C.
1075 2246 1106 2302 et
1125 2240 1213 2304 nrbis
1231 2234 1331 2316 Ὀξύ-

228 2360 295 2402 νεια
316 2339 417 2404 Strab.
434 2339 495 2403 Vll.
517 2338 587 2403 327.
610 2333 798 2419 ηλυκύξινος
817 2339 864 2403 Du
886 2339 1019 2417 Cangins
1041 2338 1135 2402 alieri.
1181 2335 1332 2422 Πύηιηνος

228 2433 328 2520 παχύς
347 2436 511 2502 llerodian.
531 2441 550 2502 l.
572 2454 598 2502 o.
618 2436 730 2501 Arcad.
753 2435 821 2502 193.
836 2445 867 2502 et
884 2436 999 2501 hneod.
1019 2437 1141 2502 Boehm.
1162 2438 1183 2501 l.
1208 2455 1245 2523 c,
1267 2440 1330 2503 ho-

228 2536 337 2617 dieque
358 2537 503 2600 usitatum
526 2543 575 2599 est
595 2531 734 2619 βηοδύνη
754 2554 887 2618 vespero
908 2537 1024 2617 (italice
1044 2539 1132 2619 seru)
1156 2544 1187 2601 et
1209 2536 1329 2620 ταχύνη

229 2629 386 2718 popum,
415 2633 566 2698 interdum
593 2652 649 2716 per
675 2636 741 2699 iota
769 2637 886 2717 scripta
917 2654 945 2698 r.
969 2636 1086 2699 Coraes
1114 2635 1153 2699 ad
1173 2637 1328 2702 Plutarch.

230 2733 334 2798 Stocb
358 2734 391 2796 T.
414 2734 462 2798 lll.
483 2734 533 2798 33.
561 2734 732 2800 Obscurum
761 2734 836 2798 illnd
863 2734 1060 2816 Empedoclis
1081 2731 1213 2820 σηεύύνη
1234 2732 1327 2820 φιλύ-

227 2853 290 2914 της,
313 2831 396 2913 quod
416 2832 597 2897 Plutarchus
624 2829 762 2918 οηεοικήν
786 2836 1005 2915 interpretatur
1031 2851 1059 2898 v.
1082 2835 1183 2900 Stnrz.
1205 2853 1235 2917 p.
1257 2835 1325 2901 230.

228 2932 430 2996 Buttmannus
459 2933 490 2994 in
518 2927 669 3017 οηεούνην
696 2935 803 3014 vertil3
837 2932 893 2998 sed
920 2934 1065 3011 πύοονος,
1104 2950 1166 3014 qno
1196 2933 1325 3015 exempli

230 3047 325 3094 causa
347 3031 448 3113 utitur,
471 3030 664 3096 Grammatici
684 3049 748 3097 non
767 3033 946 3096 retulissent
965 3033 1046 3097 inter
1059 3028 1191 3115 μονήρη,
1214 3032 1325 3098 siillud

229 3129 310 3210 apud
343 3136 467 3210 poetam
499 3133 640 3196 omnibus
674 3140 779 3196 notum
809 3138 901 3214 atque
928 3137 1090 3195 tractatum
1122 3133 1323 3198 invenissent.

229 3227 329 3303 Quare
351 3227 451 3312 οηεόίη
472 3231 668 3310 praetulerim
686 3231 845 3295 intellectu
866 3230 1067 3295 connectendi
1088 3237 1118 3294 et
1140 3231 1324 3312 continendi,

229 3343 318 3407 quem
345 3327 438 3392 habet
471 3329 697 3394 substantivum
725 3329 837 3413 Σηεόύη
864 3326 1017 3412 συνάφεια
1045 3330 1117 3394 lles.
1148 3330 1322 3395 dominatae

227 3424 361 3506 liquidae
389 3428 529 3509 exemplu
560 3430 710 3510 praebent
743 3431 871 3511 propria
895 3431 1044 3494 incertum
1074 3428 1154 3494 unde
1186 3430 1322 3496 derivata

219 3521 405 3608 Ἆηηνννος,
422 3521 596 3606 Ἓρκνννα,
625 3527 768 3592 noema
798 3529 901 3593 Schol.
928 3530 1024 3594 Arist
1050 3528 1150 3594 Nubb.
1173 3528 1266 3596 134⁵
1292 3533 1321 3594 et

292 3791 322 3860 5)
339 3791 519 3862 Theognostns
537 3795 571 3850 ll.
592 3797 648 3854 101.
667 3797 718 3852 hoc
735 3798 815 3855 reiert
830 3795 898 3856 int'er
914 3802 1120 3868 proparoxptona
1135 3797 1253 3867 χίλννα,
1281 3797 1318 3850 ab·

226 3879 309 3934 θυνο,
328 3875 418 3944 ἔρονα,
435 3880 576 3938 Δίκτυννα,
594 3882 722 3948 alpem,
744 3897 853 3951 quorum
871 3885 981 3952 primum
999 3887 1025 3938 et
1042 3880 1159 3936 ultimum
1176 3897 1229 3936 non
1248 3883 1316 3950 legi-

226 3965 275 4022 tur,
295 3961 397 4013 tertium
415 3966 560 4029 corruptum
572 3962 675 4018 videtur
685 3980 731 4033 pro
743 3964 871 4034 Ἕρκυνα,
890 3966 960 4035 qnod
973 3968 1079 4036 propius
1091 3981 1168 4036 qnam
1177 3964 1316 4035 Μύργονο.

225 4040 255 4094 ln
274 4039 380 4095 Arcadii
402 4043 494 4111 regula
517 4044 550 4101 de
567 4047 714 4103 nominibus
737 4037 836 4114 ιιιίἷνῖ
849 4067 874 4120 p.
897 4052 954 4109 194.
978 4051 1058 4106 multa
1082 4049 1236 4107 exciderunt
1253 4062 1318 4119 quae

227 4138 260 4179 ex
276 4123 372 4180 llerod.
391 4125 425 4181 de
442 4125 530 4182 Diehr.
549 4128 607 4187 287.
627 4129 704 4189 icelle
721 4135 823 4190 restitui
842 4141 959 4204 possunt.
