2758 4994
147 267 206 332 DE
226 266 446 334 NOMINIBUS
467 266 509 332 IN
526 271 548 331 ῦ
567 267 828 336 EXEUNTIBUS.
855 270 887 335 C.
904 271 951 335 iu.
973 278 1004 348 S.
1018 273 1047 338 ’1.
1094 275 1162 348 alu

42 431 116 512 gula
139 431 340 514 adstringere
361 449 458 498 ausus
478 449 544 498 nou
564 441 630 514 est;
657 435 771 517 quippe
792 441 823 500 et
843 435 950 500 bravia
977 439 1106 518 reperiri
1126 444 1161 504 ut

40 531 171 614 σατίνη,
194 532 277 613 quad
298 532 350 596 alii
371 533 411 596 ad
433 530 534 596 σάπω
555 533 708 617 raserunt,
730 533 782 598 alii
804 534 843 598 ad
862 529 991 614 θάσσω,
1011 543 1042 600 et
1063 536 1158 618 ionga

40 637 73 693 ut
99 630 238 714 πυτίνη,
274 633 323 695 cui
351 639 485 713 cognata
513 638 586 696 suut
612 632 721 713 βυτίνη
748 628 880 714 λάγυνος
908 634 1057 716 σταμνίον
1073 635 1157 706 ‚ties

40 745 160 813 eaque,
194 747 275 812 quae
296 732 344 795 Du
365 731 501 813 Caugius
522 731 609 794 affert
629 725 776 814 βούπαις,
796 733 932 815 peina,
954 734 1095 818 cutinus,
1116 735 1156 800 ab

39 831 174 910 autiqua
196 829 293 904 πίθος
312 829 475 895 deflexa*
510 829 626 894 Eadem
653 845 798 894 mensura
824 837 897 896 suut
923 829 1032 915 ῥηιίνη
1052 835 1157 900 rasiuu

38 931 243 1009 peragrinum
267 930 371 1011 patius
398 945 489 1009 quam
510 948 530 993 a
550 924 612 1006 eta
629 927 813 993 declinatum
834 936 867 993 ut
888 929 1026 996 Isidorus
1048 935 1158 999 statuit

38 1027 130 1092 xvii
155 1029 188 1111 7,
205 1028 254 1092 11.
285 1045 304 1091 a
323 1022 411 1108 τέλλη
431 1027 482 1091 uel
501 1028 598 1092 τελλίν
617 1027 772 1111 νελλίνη35
799 1035 829 1091 et
850 1028 1023 1109 plantarum
1044 1032 1157 1113 appel-

38 1124 182 1191 latioues
209 1125 337 1210 βολβίνη
365 1133 458 1208 atque
484 1121 600 1209 ἓλξίνη,
630 1143 722 1207 quam
749 1126 852 1192 Schai.
878 1126 944 1192 Nic.
975 1127 1062 1194 Ther.
1083 1129 1155 1198 537.

39 1219 230 1309 ἑλκυπικήν
244 1228 473 1310 iuterpretatur,
494 1226 611 1290 Plinius
625 1226 715 1290 XXII.
734 1225 782 1291 19.
806 1225 848 1290 ab
871 1243 907 1290 aa
931 1227 1049 1292 dictam
1070 1229 1156 1311 quau

39 1328 170 1390 semina
192 1325 291 1389 labat
311 1324 454 1388 aestibus
476 1325 699 1389 adhaerentia.
734 1325 812 1388 Hine
834 1329 1043 1405 conjecturam
1064 1329 1155 1410 eapi-

40 1437 107 1486 uus
130 1423 174 1488 de
196 1425 267 1488 aliis
288 1424 484 1506 parouymis,
512 1440 591 1505 quae
613 1430 773 1504 puetarum
793 1425 928 1488 numeris
950 1425 1071 1490 iuciusa
1090 1443 1156 1494 nau

41 1528 129 1606 suut,
160 1515 275 1604 ἀλσίνη
296 1538 315 1585 a
335 1521 415 1584 lucis
435 1523 488 1586 ubi
509 1523 652 1603 pravcuit
673 1521 870 1585 dcuamiuata
889 1522 965 1586 Piiu.
987 1523 1104 1592 XXVII.
1124 1526 1154 1594 8t

42 1619 148 1685 Diasc.
165 1622 289 1686 Mutii.
305 1619 374 1685 224.
396 1619 476 1703 ίξίνη
498 1625 587 1701 cujus
607 1622 737 1701 gummis
759 1620 838 1684 uisci
858 1620 967 1684 similis
988 1641 1016 1688 v,
1035 1624 1156 1704 Spraun

42 1718 98 1797 gai.
122 1720 166 1785 ad
191 1720 344 1801 Theophr.
366 1735 395 1802 p.
418 1719 489 1784 231.
510 1737 557 1801 sq.
579 1720 618 1782 ab
640 1714 719 1802 ίξός,
748 1725 779 1782 ct
799 1735 892 1799 porra
915 1719 1018 1802 αίγίνη
1047 1723 1154 1802 capri-

44 1818 150 1882 ialium
179 1820 287 1884 Diusc.
309 1818 357 1881 IV.
382 1817 430 1883 14.
452 1820 572 1900 (omiss.
593 1819 625 1881 iu
648 1817 715 1899 Th.)
742 1817 892 1900 γλαυαίνη
920 1820 986 1882 siva
1012 1821 1153 1900 γλαυκία,

42 1918 196 2001 capulum,
230 1917 338 2000 χυίίνη
366 1923 397 1980 ct
424 1934 519 1998 super
546 1925 610 1982 tres
640 1917 778 1998 syllabas
803 1911 940 1997 ἐλατίνη,
970 1912 1151 2001 emposta,

43 2013 218 2098 βαλσαμίνη
239 2033 258 2079 a
276 2016 416 2080 balsamo
438 2016 518 2080 haud
540 2016 631 2082 (lubic
653 2024 685 2080 ut
706 2013 875 2096 ααρδαμίνη
896 2009 949 2078 διὰ
968 2010 1003 2078 τὸ
1021 2010 1154 2082 ἐοικέναι

43 2109 196 2203 καρδάμῳ
216 2115 322 2180 Dicsc.
343 2117 415 2180 Mat.
436 2116 471 2180 li.
493 2115 562 2198 154,
583 2113 691 2179 27230
718 2115 894 2196 pariterque
917 2121 1038 2178 ceteras
1060 2115 1153 2195 plau-

47 2218 91 2276 tas
112 2215 154 2278 ah
177 2213 283 2295 aliqua
302 2213 499 2278 similitudine
520 2214 569 2278 uel
589 2215 706 2278 saumae
723 2212 773 2276 vel
789 2213 944 2278 efficaciae
961 2213 1011 2278 vel
1027 2217 1152 2295 separis

47 2311 193 2378 adarisue
214 2311 428 2376 denominatas
456 2327 529 2377 csse
555 2313 686 2376 maxime
712 2311 857 2376 credibile
884 2311 1012 2378 videtur.
1047 2315 1153 2386 Sicut

45 2483 342 2500 *—

49 2592 130 2648 lucum
150 2594 307 2651 Athenaeus
323 2594 367 2650 v1.
385 2594 444 2650 325.
461 2593 494 2648 D.
518 2592 629 2662 Triglam
648 2594 807 2662 appeliatum
832 2591 922 2661 ibique
949 2592 1067 2650 Hecaten
1090 2599 1178 2671 'spa-4

48 2676 200 2743 γλανθίνην
218 2685 396 2734 consecratam
420 2693 481 2735 essa
501 2684 601 2746 narrat;
628 2677 758 2747 quomado
775 2690 870 2732 nomeu
888 2676 939 2730 hac
964 2677 1151 2738 caularuuatuua

51 2759 93 2828 sit,
110 2765 220 2817 tacitum
238 2765 319 2816 tenet.

110 2846 157 2914 34)
180 2843 327 2913 Hesychius
347 2841 508 2912 Ὠμασταίκῳ
530 2845 645 2910 βυυτίνῳ
669 2841 783 2913 τρυβλίῳ
809 2847 836 2898 el
852 2841 925 2897 Eusl.
944 2842 1018 2910 1163,
1035 2843 1078 2899 31.
1102 2844 1151 2898 τὸν

51 2927 124 2988 βῖκον
141 2929 170 2979 al
187 2927 420 2985 κοινολεκτοῦντες
439 2929 546 2993 statuuat
563 2925 628 2994 (sic)
650 2929 744 2994 φασίν.
779 2925 897 2994 Apparet
913 2927 958 2980 ilia
976 2929 1081 2984 nominc
1098 2943 1152 2992 11011,

52 3009 132 3064 salum
150 3011 268 3065 viminea
285 3009 333 3066 sed
353 3013 431 3066 ctiam
451 3009 540 3079 figlina
559 3008 700 3076 significari
718 3024 807 3077 opera.

110 3094 158 3162 35)
186 3095 311 3163 Tullium
337 3093 453 3161 βάλανοί
474 3111 501 3146 τε
524 3093 640 3147 Marcell.
665 3092 721 3148 sid.
747 3107 772 3146 t'.
797 3094 839 3149 37.
863 3092 981 3145 τελλῖναι
1005 3099 1153 3165 ταριχηραί

54 3171 136 3231 Diosc.
156 3177 226 3245 Eup.
245 3179 266 3231 1.
286 3177 335 3245 52,
357 3179 414 3234 116.
433 3177 564 3232 mendosa¹
577 3175 692 3226 τελλίναν
709 3175 770 3230 Mat.
789 3177 822 3230 11.
841 3177 874 3243 8,
893 3177 950 3232 170.
968 3169 1038 3232 Meu.
1063 3175 1153 3246 liusq:

54 3271 75 3323 u.
93 3261 117 3314 9.
142 3261 269 3328 Hippocr.
296 3261 330 3316 de
356 3261 442 3315 Diaei.
466 3261 500 3316 11.
519 3259 578 3316 682.
602 3259 631 3312 Τ.
649 3259 670 3312 Ι.
690 3258 801 3314 Xenocr.
832 3275 855 3313 c.
873 3260 916 3315 49.
942 3289 974 3298 -
999 3261 1028 3310 ai
1053 3259 1154 3318 τελίνες,

54 3339 190 3411 laeuam)
215 3344 287 3400 Paul.
308 3345 350 3403 lll-
370 3347 393 3412 1,
412 3345 469 3401 132.
489 3343 544 3395 τῶν
561 3342 687 3394 τελλίναν
704 3343 1040 3421 Aret.Acut.11.13,345.
1058 3342 1150 3412 Olym-

54 3426 118 3490 piod.
135 3431 166 3481 in
183 3427 289 3482 Aristut.
308 3428 417 3484 Mataei.
437 3445 464 3497 p.
482 3428 524 3484 26.
545 3426 618 3480 Paul.
636 3426 692 3480 Vll.
712 3427 772 3510 231.Ι

114 3520 162 3587 36)
182 3519 231 3572 Pru
245 3516 400 3588 Ἑλμακήνη
424 3519 556 3588 λειμῶνος
581 3521 692 3586 σχοῖνος
716 3517 827 3586 Hasych.
852 3519 938 3572 malim
963 3515 1093 3584 ίλμακίνη
1118 3514 1150 3569 ab

56 3595 107 3658 llas
123 3600 298 3671 τελματώδης
315 3601 410 3664 τόπος,
429 3603 499 3658 uude
524 3601 593 3669 λλμα
617 3602 635 3653 i.
660 3615 685 3668 q.
710 3602 809 3661 τέλμα,
834 3600 895 3654 hinc
919 3605 982 3669 puio
1010 3598 1096 3666 ίλμαξ
1124 3604 1153 3652 tii

55 3678 154 3750 λεῖμαξ,
177 3690 204 3741 ct
220 3685 350 3755 ἕλμακίνη
368 3692 397 3740 ut
414 3686 520 3754 δέλφαξ
538 3683 698 3753 δελφακίνη.
739 3683 812 3738 Idem
830 3685 958 3752 Βρικίννη
982 3680 1056 3740 εἶδος
1070 3680 1151 3750 βοτά-

58 3781 110 3828 vts,
133 3769 206 3838 quad
224 3769 342 3825 Wassius
360 3771 392 3824 ad
409 3769 524 3838 Thucyd.
542 3768 572 3823 V.
593 3768 633 3823 11.
652 3781 711 3821 cum
728 3770 832 3822 nauiuiua
850 3767 902 3820 iaci
920 3769 1061 3833 Βρνκιννία
1083 3779 1151 3820 cou-

59 3849 123 3918 tuiit‚
148 3852 259 3908 iactasse
284 3868 300 3907 a
322 3855 382 3922 βρίξ
406 3851 480 3911 eliac
503 3849 665 3923 θριδακίνης
689 3850 832 3906 derivatum
849 3841 1015 3916 simplicique
1037 3862 1153 3903 consona

61 3933 218 3991 scribendum
236 3942 286 3992 est.
327 3937 376 3991 Pro
396 3940 518 4000 σικίννην
536 3935 612 3988 Dian.
632 3933 689 3988 Hal.
706 3933 777 3987 Auli.
794 3933 850 3988 vii.
878 3932 920 3986 72.
947 3935 974 3984 iu
998 3931 1055 3985 Vat.
1078 3937 1152 3987 recta

61 4018 175 4085 scriptum
201 4023 325 4077 σίκιννιν.
364 4020 505 4074 sicinnictis
529 4020 647 4073 inventor
670 4017 824 4093 piecuuuque
848 4017 973 4073 Σίκιννος
996 4018 1104 4068 uocatur
1126 4020 1152 4086 1.

61 4094 145 4158 latter.
166 4101 431 4172 ecclesiactica.
451 4119 478 4173 p.
500 4102 557 4164 isit).
577 4099 625 4158 sed
639 4099 727 4157 iusula
746 4103 854 4157 Σίνινος
873 4099 1015 4166 penultima
1031 4097 1113 4172 breui.
