2750 4994
7 251 8 256 Ν
41 303 87 368 nn
106 298 423 368 monerronrnus
444 297 582 366 noum.
603 299 645 363 m
665 285 704 362 οἵτ’
722 298 809 364 nro.
847 300 880 366 c.
894 301 942 366 u.
962 309 992 379 ς.
1006 302 1042 382 ³..
1077 303 1140 374 rra

39 471 98 532 aar
119 467 252 532 videtur
270 466 330 531 sed
348 468 489 542 rectias;
517 467 730 530 serarociacri
750 464 893 530 crebrius
914 469 965 532 cri
984 467 1044 533 red
1063 484 1139 534 cor·

39 570 168 647 reptins.
204 567 374 630 Sermonor
392 566 426 630 in
444 565 562 628 nostris
582 565 670 629 libris
697 580 761 628 non
781 564 1019 646 deprehenditur
1038 583 1140 649 noque

40 665 101 729 irinc
124 665 229 730 extitit
250 665 443 729 sermocinor
463 662 520 727 sed
541 670 702 744 utmmque
724 679 744 727 a
765 679 884 747 sermo,
911 663 986 728 iliud
1007 682 1026 728 ο
1045 666 1139 746 geni·

41 764 94 828 tiro
117 771 153 828 ut
173 764 279 827 auctio
301 764 474 841 arcticum,
497 763 607 827 concio
629 762 809 846 concionor,
829 764 890 827 hoc
910 780 1069 846 paragoge
1088 764 1140 829 bt-

40 863 154 941 spllaba
166 869 293 926 auctum
307 869 341 925 ut
354 863 532 944 ratiocinor‚
547 863 736 945 patrocinor,
757 861 927 945 lenocinor,
949 864 1139 947 morticinas

41 963 218 1026 tirocinium.
263 959 309 1024 De
329 961 452 1024 nomine
477 963 659 1041 reciprocus
679 961 778 1024 Varro
800 959 877 1025 duas
895 964 1042 1044 proponit
1062 980 1139 1030 sen-

42 1063 146 1125 tentias
168 1060 258 1144 prod
278 1059 319 1123 cd
340 1061 480 1140 recipere
492 1063 693 1140 reciprocare
707 1059 817 1138 fictum
830 1066 890 1125 cut
905 1061 992 1143 qood
1001 1079 1138 1144 poscere

39 1177 168 1239 procare
192 1160 331 1236 dicium
352 1160 413 1224 hoc
433 1159 526 1224 Festo
548 1158 672 1237 arrisit;
695 1159 833 1239 equidem
853 1161 957 1226 verbis
971 1163 1088 1242 recipio
1108 1168 1140 1226 et

41 1276 186 1340 recepero
209 1259 385 1340 copulatius
406 1257 531 1340 ροιο.14
565 1255 643 1321 Nam
665 1272 744 1338 quac
766 1259 907 1340 Scaliger
933 1259 1020 1324 oderi
1047 1260 1138 1340 trojus

42 1358 208 1437 pleonasmi
245 1358 401 1440 exempla,
437 1357 642 1421 infirmissima
669 1363 756 1420 sunt:
790 1360 930 1437 iucitepc
957 1375 996 1422 ex
1023 1371 1142 1439 graeco.

43 1452 195 1540 {modeim
216 1472 399 1521 conversum
420 1460 454 1520 ut
474 1451 584 1538 ἔγκυος
602 1455 731 1538 inciens,
753 1473 832 1537 quae
844 1455 1047 1522 Doederlinns
1060 1474 1140 1522 con·

7 1591 8 1640 t
44 1556 112 1638 tert3
146 1556 231 1620 idem
253 1562 287 1619 ei
306 1557 358 1619 alii
378 1559 559 1636 reciperare
587 1571 650 1620 non
678 1573 697 1620 a
716 1571 863 1636 reparare
883 1554 940 1619 sed
962 1573 980 1618 a
1000 1556 1141 1636 recipere

7 1649 8 1716 i
44 1654 159 1720 ductum
188 1672 261 1718 esse
285 1653 442 1736 judicant3
478 1655 669 1734 concipilare
696 1669 787 1734 quum
807 1654 839 1715 in
857 1652 957 1716 Plauti
977 1653 1049 1717 loco
1071 1661 1140 1718 ter-

7 1719 9 1792 t
44 1755 107 1818 tiam
121 1755 248 1818 brevem
262 1753 384 1837 haheat,
405 1755 545 1836 sequitur
565 1770 622 1834 pro
645 1752 812 1847 compilare
834 1753 932 1832 accipi
954 1769 1017 1816 nou
1032 1769 1139 1833 posse.

45 1855 92 1919 iiis
108 1855 287 1936 appositum
301 1853 445 1936 estquod
463 1851 571 1918 Graeci
589 1850 627 1916 de
641 1850 762 1930 syllaba
773 1873 805 1932 pc
818 1852 1007 1916 fabulantur:
1029 1851 1139 1916 αἴλου-

45 1975 92 2034 ρος
115 1951 172 2018 καὶ
199 1953 383 2038 πλεονασμῷ
407 1953 463 2035 τῆς
492 1940 530 2034 pa
552 1949 726 2031 αἰγίλουρος
752 1949 817 2013 ΕΜ.
845 1965 958 2013 nomen
985 1950 1069 2014 sorae
1099 1951 1138 2016 ab

45 2053 123 2116 iiiior
144 2047 240 2116 c’rr‘iic
262 2051 411 2116 docentes
427 2052 499 2132 quia
515 2049 653 2114 academ
668 2049 791 2128 adulat,
813 2048 1050 2113 incertissimum
1064 2048 1139 2113 iliud

46 2154 109 2233 quia
128 2169 169 2215 ne
190 2151 327 2233 speciem
348 2149 470 2232 quidem
491 2149 665 2231 animantis,
686 2147 769 2230 quod
790 2147 851 2212 hoo
869 2148 992 2211 nomine
1014 2148 1140 2228 proprie

46 2252 242 2332 significatur,
272 2250 426 2329 cognitam
446 2247 604 2312 habemns.
616 2247 644 2290 ¹⁵
686 2249 764 2313 Sunt
786 2253 817 2310 ot
836 2245 898 2310 alia
918 2244 1139 2310 vocabulorum

7 2303 10 2426 i
47 2351 255 2432 supplementa
275 2348 386 2428 quibus
410 2347 456 2410 iili
476 2353 601 2411 utuntur
623 2347 679 2413 sed
701 2346 890 2412 dubitanter:
923 2338 1008 2426 παρὰ
1026 2339 1062 2408 τὸ
1082 2339 1139 2426 μέ-

47 2469 94 2523 νος
110 2445 223 2530 ἅμονος
243 2443 295 2510 καὶ
313 2447 495 2532 πλοονασμῷ
515 2433 632 2530 crica-p
657 2440 823 2529 ἇμονηνός·
854 2439 875 2528 ἢ
895 2439 980 2524 παρὰ
999 2438 1036 2508 τὸ
1055 2439 1138 2525 μένω

47 2543 168 2631 papeia
188 2569 217 2612 κ.
238 2568 263 2610 τ.
285 2548 310 2608 t.
331 2545 396 2612 EM.
408 2545 459 2628 81,
473 2544 523 2610 53.
542 2562 672 2627 qnorum
692 2552 833 2610 neutrum
853 2545 1018 2624 recipimus
1039 2555 1140 2623 nequo

47 2647 110 2712 iliud
134 2646 341 2727 compositum
368 2651 510 2725 putamus
536 2644 632 2710 seda
659 2646 833 2727 composito
856 2643 1024 2708 derivatum
1045 2649 1079 2706 ut
1100 2643 1139 2708 ab

50 2741 174 2829 dinvpig
195 2739 392 2826 ἁλμυρώδης,
421 2760 439 2805 a
460 2743 635 2825 praetorius
656 2744 873 2824 praetorianus
895 2748 925 2806 et
946 2742 1008 2805 alia
1028 2741 1140 2822 hujus·

50 2846 129 2929 modi‚
151 2845 190 2912 de
212 2845 323 2926 quibus
344 2861 402 2908 suo
425 2842 543 2906 dicotur
563 2842 644 2907 loco.
685 2844 761 2907 item
780 2842 819 2906 de
839 2836 980 2923 depreceris
1001 2840 1140 2904 dubitant

50 2952 138 3009 utrum
164 2945 206 3008 ab
228 2938 323 3006 ἐοὲκω
344 2943 447 3009 fictum
469 2943 520 3019 sit,
546 2945 633 3021 eujus
656 2943 792 3005 aoristus
815 2948 863 3004 est
886 2936 1030 3022 iaspaoc,
1060 2955 1140 3001 ana
1169 3012 1191 3036 ..

51 3041 136 3128 dorica
158 3041 368 3108 intercedente
389 3040 511 3121 syllaba
530 3061 564 3104 νο
584 3041 649 3106 EM.
671 3040 741 3122 274,
763 3038 811 3104 19.
833 3039 932 3104 snam.
952 3039 988 3103 11.
1009 3036 1079 3103 356.
1101 3035 1140 3100 de

52 3160 102 3224 quo
127 3161 192 3209 non
220 3141 413 3207 dubitassent
441 3141 470 3204 si
501 3140 649 3220 simplicis
680 3132 792 3222 ήοεκής
822 3137 975 3201 recordati
997 3137 1139 3200 inissent.

51 3241 82 3306 iit
101 3243 137 3308 de
163 3239 366 3322 Ταλαϊονίδης
394 3238 507 3320 duplex
536 3241 592 3303 init
614 3239 781 3304 sententia:
816 3230 963 3301 ἀπὸτοῦ
996 3233 1140 3298 Tuioirov

52 3335 161 3426 iuniori
182 3341 279 3414 edicto
297 3334 319 3422 ἢ
339 3332 419 3402 κατὰ
438 3334 633 3420 πλεονασμὸν
652 3339 710 3402 τοῦ
732 3323 783 3402 ὦ
803 3337 906 3402 schol.
929 3336 962 3399 B.
987 3334 1025 3398 ad
1048 3334 1081 3398 ll.
1103 3333 1139 3397 ii.

53 3439 111 3508 566.
140 3440 196 3506 sed
215 3438 291 3505 iilud
313 3440 421 3504 merito
448 3438 593 3520 praetulit
619 3435 840 3502 Grammaticus
868 3451 959 3516 quem
987 3433 1141 3516 appellavi

53 3615 332 3630 Q———n———n

110 3723 151 3790 id)
172 3723 332 3791 Reciprocus
353 3735 411 3776 curn
429 3737 457 3774 rr
475 3726 501 3776 et
517 3722 554 3772 eis
574 3721 737 3786 conjunctum
763 3731 822 3772 esse
843 3716 961 3770 Muciiori
987 3712 1076 3780 opinio
1101 3714 1142 3764 est

12 3860 17 3877 ,
53 3803 79 3856 ad
96 3805 162 3861 Fest.
181 3822 208 3875 p.
226 3805 269 3864 26.
287 3820 364 3875 quarn
382 3805 479 3862 refellit
496 3804 626 3857 nominum
644 3817 702 3856 cum
723 3803 760 3854 cu
781 3802 982 3868 compositorum
1004 3792 1140 3862 signifiea-

54 3887 83 3938 tio
99 3888 194 3944 localis.

110 3972 152 4041 ¹5)
176 3972 216 4027 Ab
234 3971 306 4041 ἅλμη
332 3972 428 4027 iactum
451 3985 513 4028 esse
535 3971 653 4038 roipemc
677 3969 829 4036 interposita
844 3983 878 4034 pa
896 3964 1004 4020 credere
1023 3976 1074 4014 non
1092 3975 1140 4014 re-

55 4064 140 4111 cusem.
173 4057 338 4113 Herodianus
355 4055 412 4110 EM.
433 4053 549 4123 167‚29.
568 4051 622 4105 dai
640 4052 688 4102 τοῦ
706 4052 818 4122 ἄτρυτος
834 4048 961 4120 ἀτρύτως
975 4046 1016 4114 (ut
1027 4043 1143 4109 ἀτίετος)

57 4137 94 4185 καὶ
109 4139 271 4209 πλεονασμῷ
285 4127 371 4210 aad}
388 4138 542 4211 ἀτρύγετος.

86 4221 184 4275 erdeek.
201 4225 337 4288 Patlrclcg.
902 4200 940 4265 10
