2744 4982
230 251 297 320 wi
579 249 904 318 nissnnrnrlo
938 249 976 316 n

234 413 395 506 φειδωλός,
415 410 545 502 ἁμέραν
563 411 757 500 ἁμαρτωλός,
789 429 870 498 quae
890 415 970 480 abes
991 433 1011 480 ι
1031 416 1145 482 tuturis
1165 416 1262 482 duaa
1283 435 1344 500 pu·

237 527 325 587 tasso
350 524 482 604 apparet
507 525 548 582 'er
574 516 641 582 nit
668 516 740 600 444,
760 515 811 581 22.
837 507 1010 598 ἆμνοπμλός
1035 509 1220 598 ἁμαρτωλός
1244 504 1344 599 φακῇ

236 615 426 704 pcmjmoe
467 616 541 680 liibi
564 615 664 680 omnis
690 615 784 696 ctpmi
803 613 977 678 invenenat
997 631 1073 696 spes
1095 616 1273 696 abjicienda
1295 617 1344 679 ri-

236 719 335 786 detur.
357 713 467 790 Ἷαλος
478 709 571 798 μέλας
589 715 662 780 iles.
681 715 722 779 ab
742 713 794 780 λον
812 713 863 778 rel
881 707 929 787 λός
951 729 1065 796 aerugo
1079 713 1263 798 derivatum,
1284 738 1345 798 κη-

237 813 338 894 tatic
358 817 532 896 ambignum
552 819 602 878 est
622 811 689 896 sed,
711 813 740 878 si
759 811 884 878 meadii
903 812 983 875 ratio
1003 811 1097 896 valet,
1120 816 1258 880 averbo
1281 833 1344 898 po-

237 919 300 984 tius
321 931 411 998 quan
433 932 452 978 a
472 913 597 978 nonime
621 913 721 994 repeti
747 911 849 978 tiebat.
890 910 1070 976 Ceterorum
1097 915 1188 994 origo
1217 917 1342 995 ignota:

232 1008 368 1088 Ἐοολός
386 1009 476 1096 λόχος
492 1009 757 1094 Δακεδαιμονίων,
779 1009 863 1092 quoti
881 1008 962 1091 apud
982 1007 1063 1072 alios
1084 1011 1177 1076 aliter
1196 1015 1344 1078 scribitur

236 1133 267 1182 r.
288 1115 387 1196 Popp.
410 1111 449 1178 ati
470 1111 564 1176 Tbuo.
577 1110 626 1175 lV.
642 1109 673 1176 8.
694 1105 866 1185 Κώκαλος
885 1101 1028 1191 ὁλῃστής
1040 1109 1237 1195 v.ngnaopn
1253 1111 1341 1180 1305.

237 1211 409 1286 Μαίναλος
428 1211 509 1290 ζῶον
527 1204 564 1274 ἐν
581 1209 621 1294 τῇ
636 1201 750 1294 ’innui
769 1205 936 1292 γενόμενον
952 1207 1025 1271 iles.
1047 1214 1079 1271 et
1099 1226 1182 1289 quae
1196 1211 1342 1274 welolrc-

238 1329 293 1376 rus
320 1309 359 1376 tle
388 1309 502 1391 Trilog.
529 1307 598 1376 195.
628 1309 716 1373 niort
735 1300 860 1394 ἡμωλός
885 1304 961 1400 U·
986 1298 1118 1388 ἠμάτιος
1145 1316 1179 1372 et
1205 1311 1342 1396 Ennius,

238 1427 278 1476 er
297 1408 385 1474 libris
406 1408 541 1492 ineditis,
562 1409 683 1490 opinor.
726 1407 812 1484 Quae
830 1406 862 1468 in
881 1409 946 1487 αλη
964 1413 1086 1489 exeunt,
1108 1411 1255 1488 exposita
1271 1415 1343 1474 sunt

238 1507 278 1574 ati
298 1507 409 1572 Bnttnt.
432 1505 562 1572 Granum.
585 1505 711 1572 11406.
758 1505 905 1570 Neutriue
924 1505 1046 1584 generis
1070 1513 1198 1587 praeter
1217 1511 1344 1591 propria

230 1602 384 1686 ’οκωλον,
406 1599 575 1688 Klounion
595 1606 672 1687 (τῶν
691 1599 869 1688 Kepxuitoo
888 1602 1063 1667 Photltibl
1077 1603 1110 1667 C.
1132 1605 1204 1670 244.
1226 1626 1255 1688 p.
1270 1606 1341 1672 639.

240 1707 346 1772 omiss.
360 1707 393 1770 in
407 1705 476 1784 Tb.)
498 1704 576 1769 baec
597 1705 705 1769 nierre
728 1719 858 1786 possum
878 1697 996 1765 ἔναλον
1013 1702 1169 1784 Lycopbr.
1190 1721 1252 1786 quo
1274 1706 1343 1770 usi-

239 1807 334 1871 tatius
356 1798 569 1883 erinaceo,
599 1805 639 1870 ab
659 1800 730 1878 ἕλος
750 1801 934 1878 derivatum,
960 1796 1103 1882 αύμαλον
1122 1804 1142 1867 i.
1164 1823 1195 1887 q.
1217 1801 1344 1889 κύβιτον

238 1906 372 1989 cubitus,
392 1903 464 1968 stoc
485 1902 615 1968 ελδωλον
635 1894 678 1976 ὥς
698 1899 795 1983 peteo
816 1894 967 1983 φιιῠωλός
986 1899 1053 1963 ΕΜ.
1072 1898 1145 1984 296,
1161 1904 1191 1968 9.
1213 1901 1343 1986 φάσκω-

239 2007 296 2068 λον
309 2002 483 2086 phascolon
495 2003 577 2068 lest.
592 2001 612 2066 i.
623 2018 653 2083 q.
674 1996 841 2084 φάσκωλος
853 2001 1030 2083 pasceolus,
1046 2017 1126 2082 qnae
1141 2003 1209 2066 Eli.
1219 2007 1340 2069 etEust.

240 2103 337 2186 1646,
358 2101 408 2168 20.
439 2101 641 2182 probabiliter
662 2101 701 2165 ab
722 2093 819 2174 ἀσκός
840 2100 963 2183 repetit,
983 2099 1182 2182 ultimumque
1202 2099 1344 2168 ἄοκωλον

237 2197 275 2266 τὸ
295 2203 378 2266 λεῖον
400 2199 484 2266 Suid.
507 2201 568 2264 nisi
588 2201 690 2264 lotum
717 2205 767 2264 est
793 2197 832 2263 ad
859 2197 1071 2279 explicandum
1098 2214 1214 2264 nomen
1239 2208 1343 2268 Asco-

238 2301 349 2366 liorum
368 2299 429 2363 boc
446 2306 495 2363 est
512 2299 695 2364 solemnium
713 2298 895 2362 vinaliornm
908 2290 944 2359 ἐν
959 2288 1006 2370 οἷς
1019 2291 1150 2378 ἥλλοντο
1164 2296 1215 2363 λαὶ
1228 2295 1343 2376 ἀσκούς

239 2399 311 2466 Son.
333 2399 412 2463 Plut.
438 2396 527 2463 1130.
557 2403 589 2463 et
609 2398 695 2462 verbi
716 2390 914 2475 ἀσκωλιάζειν
932 2389 970 2458 τὸ
989 2390 1039 2458 tart
1058 2387 1178 2473 ἆσκούς
1198 2396 1342 2466 &licebat

239 2491 463 2582 ἄληλψμλνους
489 2497 556 2560 sivo
575 2497 677 2572 λελοος
696 2497 769 2561 lies.
806 2493 894 2572 Quod
914 2511 990 2559 vero
1011 2495 1078 2560 Eli.
1101 2496 1186 2562 addit
1208 2493 1248 2564 οὐ
1268 2501 1343 2564 κατὰ

239 2589 435 2678 πλεονασμὸν
452 2595 511 2658 τοῦ
531 2595 567 2674 oi,
590 2596 740 2660 adversus
762 2611 819 2659 eos
841 2592 954 2659 diotunn
976 2595 1096 2675 estqui
1118 2613 1137 2659 a
1157 2595 1266 2675 σκέλος
1287 2599 1342 2664 le-

240 2697 385 2762 clinatum
412 2693 584 2759 voluerunt.
637 2692 726 2771 Quod
754 2709 846 2774 quum
872 2708 980 2774 panum
1007 2693 1153 2759 credibile
1174 2700 1342 2779 reperiatur

240 2810 393 2880 quumque
414 2809 478 2857 non
498 2793 600 2857 solum
621 2794 642 2857 ii
663 2785 862 2868 ἀσκωλιάζειν
882 2790 1023 2855 dieantur
1040 2792 1101 2876 qui,
1122 2801 1158 2857 ut
1172 2797 1271 2862 Varro
1293 2797 1340 2877 ait,

239 2893 339 2977 pelles
361 2892 494 2957 bubulas
518 2891 588 2956 oleo
610 2895 755 2975 pertusas
777 2886 1000 2971 percurrebant
1020 2889 1124 2970 ibique
1146 2897 1341 2976 cernuabant,

240 2991 297 3059 sod
320 2991 411 3056 etiarn
433 3007 542 3073 grues,
574 3007 666 3072 quum
692 2985 741 3054 eat
768 2988 826 3053 τοῦ
854 2981 960 3069 ἑτέρου
987 2982 1084 3062 ποδὸς
1110 2989 1267 3071 ἵστανται,
1294 2992 1341 3056 ubi

239 3090 360 3156 utribus
382 3090 471 3154 locus
493 3089 596 3155 nullus
611 3089 802 3172 relinquitur,
823 3087 949 3152 verbum
963 3086 1046 3169 illud,
1067 3089 1151 3169 quod
1166 3092 1270 3156 Sebol.
1282 3093 1342 3156 Lu·

239 3193 318 3256 elan,
337 3190 464 3270 Lexipb.
487 3194 517 3263 ς.
530 3188 559 3253 2.
578 3186 730 3270 μονοαοδλ
751 3191 905 3252 κινεῖσθαι
924 3187 1154 3271 intorpretatur,
1175 3191 1216 3254 ab
1238 3189 1340 3256 eodan

239 3292 363 3357 nomine
388 3287 594 3370 compositum
616 3289 751 3352 arbitror
766 3285 847 3351 untle
864 3279 1060 3368 ἀμιολιάζειν
1081 3288 1149 3351 sive
1169 3283 1340 3372 ἀμααλαάσ-

240 3403 306 3454 σειν
324 3389 356 3453 id
378 3394 426 3454 est
449 3381 596 3450 ἄλλοσθαι
616 3387 661 3474 τῷ
681 3381 773 3474 islep
793 3385 867 3450 κοδλ
886 3385 959 3451 lies.
987 3386 1044 3449 sed
1064 3387 1102 3450 ab
1125 3387 1187 3452 alia
1208 3403 1340 3471 praepo-

241 3490 364 3554 sitione.
406 3489 434 3551 A
454 3485 558 3550 κῶλον
577 3487 669 3567 igitur
690 3481 810 3560 ἅκαλος
830 3484 952 3549 luctum
975 3483 1082 3548 eodem
1102 3486 1263 3552 intellectu
1283 3501 1338 3567 quo

239 3583 421 3672 μονόκωλος
442 3586 553 3651 dicitur
575 3590 608 3648 ut
630 3581 749 3668 ἅδμνον
769 3579 943 3667 μονόξυλον
963 3584 1035 3648 HeS.
1057 3584 1128 3648 hino
1148 3579 1340 3662 ἀσκωλιάζειν

240 3685 427 3769 interposito
450 3685 564 3766 sigma,
596 3684 678 3765 quod
702 3701 798 3767 saepe
819 3690 890 3747 ante
912 3683 1083 3762 gutturales
1105 3684 1254 3750 inseritur
1273 3683 1339 3747 εἴκω

239 3785 327 3864 ἴσον,
348 3777 460 3865 ἄχομαι
480 3775 637 3863 nozelio,
665 3783 787 3864 aliaque
808 3782 839 3844 in
860 3781 990 3846 Dissert.
1011 3780 1049 3845 de
1070 3786 1222 3848 consonis
1243 3782 1339 3847 insiti-

242 3885 298 3948 ciis
321 3880 533 3965 proponenda.
576 3879 728 3946 Convenit
754 3882 813 3945 huo
838 3881 941 3960 gentis
969 3880 1133 3946 fabulosae
1159 3899 1273 3948 nomon
1292 3880 1340 3964 qui

241 3982 401 4046 monocoli
424 3979 628 4060 opponantur
655 3982 790 4062 eloquiis
818 3978 964 4044 creabas
990 3980 1162 4045 saltuatim
1182 3984 1339 4046 cuneolos

242 4076 316 4143 Gall.
345 4077 451 4159 1114,
479 4075 506 4142 9.
535 4076 595 4141 boo
623 4085 672 4143 est
697 4073 941 4156 ἀσκωλιάζονιες.
990 4077 1038 4143 lix
1065 4094 1104 4144 eo
1133 4079 1218 4162 quod
1245 4077 1337 4163 paullo
