2758 4994
173 219 231 285 DE
253 217 471 286 NOMINIBUS
492 217 534 284 nt
554 221 575 283 r'r
593 215 855 286 annuntians
876 221 908 287 G.
921 223 968 287 iv.
991 228 1022 298 §-
1037 221 1067 288 3.
1109 221 1182 290 363

65 381 263 469 οταφύλινος
290 386 453 467 scripserit
478 386 579 450 minus
597 385 694 467 liquot
720 402 811 468 quam
837 402 892 450 cur
911 385 1087 451 Diodorius
1107 385 1177 452 Atti.

64 485 112 549 Di.
138 483 213 549 371.
235 485 271 548 D.
292 477 502 567 ἀσταφύλινος
521 486 648 549 verterit
668 485 700 548 in
721 485 1077 567 properispomenomffi
1097 501 1175 565 pro-

63 590 288 665 paronytonon
317 591 365 647 est
392 585 423 646 in
449 584 529 647 Med.
551 585 650 663 Mosq.
673 599 701 663 p.
723 582 793 647 347.
822 582 942 649 Oribas.
963 584 1026 648 ΧΗ.
1052 582 1120 660 tra,
1144 583 1171 650 1.

61 684 100 746 Et
121 687 370 764 κορακῖνος-ουν
386 683 486 747 solum
508 683 604 763 piscis
626 680 728 744 dictus
749 689 797 746 est
820 683 876 747 sed
892 691 922 747 et
936 684 1013 765 avis,
1036 683 1063 747 si
1077 682 1173 746 Hom-

61 783 243 846 storhusius
264 798 339 845 vere
359 781 420 844 hoo
442 780 597 859 Hesychio
625 779 760 844 restituit
786 799 843 861 pro
866 777 1055 862 κορακόυιοι.
1097 781 1172 844 Ari-

62 871 240 962 stophanes
276 880 352 944 Avv.
379 879 450 944 882.
479 885 622 960 tanquam
652 895 844 958 nongenties
871 883 974 962 jungit
1005 881 1173 944 πελεκᾶιαα

60 977 115 1042 καλ
138 981 316 1056 πελαῖνον,
339 976 377 1040 de
407 995 467 1058 quo
496 975 631 1058 loquitur
662 975 821 1057 Oppianus
851 977 947 1044 [naut.
977 979 1012 1043 ii.
1034 979 1063 1044 6.
1086 979 1170 1043 etin

62 1079 165 1143 Cram.
204 1077 320 1142 Aneod.
348 1077 445 1140 Paris
473 1075 494 1139 1.
520 1074 570 1140 37.
596 1068 744 1150 Ἀκανθλς
770 1070 789 1139 ὁ
820 1079 1021 1160 στραγαλῐυος
1053 1072 1168 1160 λέγεται

62 1178 171 1242 Tzetz.
194 1175 297 1248 Schol.
318 1176 350 1238 in
372 1175 470 1238 Cram.
491 1173 607 1238 Aneod.
630 1173 728 1240 Onon.
749 1176 797 1240 ΙΙΙ.
819 1176 888 1241 359.
910 1177 988 1240 Mus.
1009 1176 1104 1241 Rhon.
1134 1176 1167 1241 Τ.

60 1277 116 1342 IV..
135 1275 185 1340 24.
211 1280 242 1338 et
263 1275 406 1338 usitatius
421 1265 651 1354 ἀστραγαλῑνος,
674 1273 822 1338 incertum
836 1273 916 1338 undo
932 1281 1040 1339 ortum.
1083 1274 1168 1350 Quae

61 1391 139 1438 vero
168 1390 222 1437 res
249 1373 432 1436 inanimatas
454 1371 643 1454 significant,
670 1387 734 1434 non
764 1373 854 1436 facile
875 1373 935 1436 huo
957 1372 1167 1454 descendunt;

60 1491 133 1537 nam
160 1475 287 1546 κυτῑνος
311 1471 395 1537 Paul.
421 1472 497 1550 Aeg.
527 1470 588 1534 Vll.
618 1469 674 1553 16,
691 1469 761 1534 279.
790 1477 821 1534 et
841 1479 978 1554 κιραῖνος
1000 1471 1103 1536 Galen.
1126 1471 1164 1537 de

63 1571 135 1653 Opt.
156 1572 263 1635 Doctr.
285 1586 311 1634 o.
332 1570 380 1634 ΙΙΙ.
402 1588 432 1651 p.
455 1568 502 1634 18.
527 1569 559 1632 Τ.
583 1569 618 1633 ll.
641 1568 686 1634 ed.
710 1568 812 1632 Chart.
833 1586 863 1649 p.
885 1569 934 1634 47.
958 1570 989 1634 T.
1011 1571 1032 1634 1.
1047 1570 1162 1636 Kuehn.

62 1687 132 1734 cum
157 1669 421 1750 proparoxytonis
450 1665 677 1750 commutanda,
702 1667 778 1730 illud
806 1685 825 1730 a
851 1663 946 1742 κύτος
974 1661 1010 1730 τὸ
1037 1665 1165 1752 κόρημα

61 1769 134 1833 Hes
154 1768 238 1833 unde
258 1762 409 1847 κύτταρος
428 1760 465 1830 τὸ
485 1766 578 1848 πῶμα
599 1765 654 1848 τῆς
679 1760 818 1848 βαλάνου
846 1761 928 1830 ὅπου
955 1761 1124 1850 ἐγκάθηται
1143 1763 1165 1851 ἡ

62 1864 206 1950 βάλανος,
230 1866 313 1932 Suid.
335 1869 415 1932 siout
437 1865 540 1944 optino
562 1864 620 1927 ilos
648 1863 721 1927 mali
747 1865 851 1946 punici
877 1866 991 1929 insidet
1020 1872 1163 1948 tanquam

64 1967 214 2048 calyculo.
255 1966 394 2030 Alterum
416 1980 474 2027 usu
488 1978 656 2045 romanum,
677 1979 790 2042 genere
811 1972 974 2042 cognatum
988 1971 1036 2028 est
1048 1981 1161 2047 graeco

63 2067 176 2148 κλραος,
196 2064 310 2146 κρόκος.
351 2063 514 2128 Firmatius
542 2068 591 2125 est
618 2065 756 2142 χυνρῖυοι
782 2055 821 2124 τὰ
846 2066 936 2125 κοῖλα
961 2064 1028 2144 τῆς
1044 2064 1101 2146 γῆς
1121 2057 1158 2129 δι’

63 2153 106 2228 όν
126 2163 160 2227 αλ
179 2159 277 2246 πηγαὶ
297 2155 432 2227 &emmae
452 2161 524 2224 Hes,
547 2166 578 2223 et
597 2163 744 2240 κυθρῖνοι
763 2147 854 2224 ’τόποι
874 2161 930 2224 εἰσι
949 2163 1008 2226 τοῦ
1018 2172 1162 2245 ποταμοῦ

63 2259 229 2346 βαθύτεραι
241 2262 361 2326 Arrian.
381 2260 503 2341 Erythr.
526 2257 702 2340 p.167.ed.
720 2259 823 2324 Blane.
844 2277 945 2342 nequo
966 2260 1047 2324 atiud
1060 2262 1162 2342 signi·

63 2364 129 2427 iicet
153 2361 272 2443 Geopp.
293 2360 369 2424 xlv.
391 2360 419 2425 6.
440 2354 576 2424 νεοσοιαὶ
602 2360 786 2438 περιστερῶν
814 2353 852 2432 ἃς
879 2353 965 2443 ἡμεῖς
989 2359 1161 2440 κυθρλνους

64 2455 261 2544 ὀνομάζομεν,
283 2476 361 2541 quae
382 2476 442 2524 nos
461 2458 569 2522 ollaria
594 2456 696 2521 dicere
717 2474 894 2541 possumus,
915 2459 996 2522 siout
1017 2460 1162 2543 sepulcra

63 2563 163 2626 multis
184 2562 268 2624 intus
291 2557 490 2622 foraminibus
510 2556 684 2637 locutioque
706 2554 744 2619 ad
765 2557 958 2637 recipiendas
985 2574 1080 2624 urnas
1102 2576 1162 2624 oo-

64 2659 210 2723 lumbaria
230 2663 400 2736 vocantur3
421 2657 521 2720 minus
542 2673 616 2719 vero
639 2660 723 2718 recte
744 2655 776 2717 in
796 2655 897 2734 Antig.
918 2657 1025 2721 Mirab.
1046 2658 1159 2724 ο.176.

64 2759 110 2822 obi
138 2771 247 2820 aarum
270 2761 370 2818 terrac
392 2755 558 2839 significat,
584 2750 726 2836 χύτρινος
747 2753 906 2836 scribitur,
934 2755 985 2835 qui
1012 2764 1160 2822 accentus

65 2855 204 2920 convenit
225 2851 424 2933 Hippocratis
446 2853 534 2936 locis,
556 2854 607 2917 ubi
621 2871 677 2935 pro
691 2849 788 2935 χύτρα
799 2852 882 2916 valet
893 2869 920 2916 v.
936 2851 1040 2918 Galen.
1055 2853 1157 2922 Gloss

64 2962 92 3018 ut
113 2949 280 3034 όστρακίυη
302 2968 358 3034 pro
382 2952 444 3017 olla
464 2953 531 3016 sive
553 2953 661 3036 pelvis
684 2959 716 3016 et
735 2950 938 3030 Hesychius.
954 2951 1066 3014 Λίθων
1085 2956 1157 3035 poet

64 3055 109 3118 ubi
131 3053 198 3118 tubi
220 3051 286 3116 sive
309 3051 433 3115 canales
454 3050 661 3131 designantur.
701 3051 786 3115 Haec
808 3051 886 3114 enim
908 3049 1060 3130 adjectiva
1088 3060 1160 3119 sunt

65 3150 323 3216 substantivorum
344 3149 445 3212 locum
464 3150 577 3214 sortita
596 3167 654 3230 pro
677 3155 816 3230 tempore
837 3153 871 3210 ut
899 3154 930 3211 et
957 3143 1081 3229 ὄρκυνος
1108 3150 1160 3215 di-

65 3253 136 3314 citur
156 3267 216 3332 pro
240 3243 331 3330 ὄγκος
352 3255 383 3312 et
404 3243 530 3322 κόλινος
550 3247 581 3311 id
603 3254 651 3312 est
673 3242 795 3324 ξύλινος
815 3262 872 3328 pro
899 3246 987 3310 trabe
1006 3247 1079 3314 Hos.
1101 3266 1161 3314 eo-

64 3349 187 3431 demque
216 3353 355 3411 aocentu.
391 3347 457 3411 Neo
472 3353 589 3410 mutant
606 3345 825 3428 andronymica
836 3337 1049 3425 Ἀνθρύπινος
1063 3346 1161 3427 Poly-

65 3465 125 3513 aen.
147 3447 182 3511 V.
203 3446 234 3528 3,
247 3444 277 3510 8.
294 3438 471 3527 lippareos
482 3445 606 3526 nntiptr.
623 3463 653 3526 p.
672 3445 740 3528 145,
754 3443 803 3508 35.
822 3436 1009 3525 ’Λμαρακλνη
1022 3445 1158 3526 Aloiphr.

63 3546 105 3610 lli.
114 3548 170 3628 Ep.
189 3545 239 3609 37.
248 3541 399 3628 Μυῤῥλνη
409 3551 466 3608 etc.
475 3561 512 3608 ao
526 3538 699 3627 οοῬαδινή
713 3542 834 3626 quidem
849 3543 950 3607 Strab.
964 3542 1039 3606 VIII.
1057 3543 1159 3608 347.¹⁷

124 3720 167 3786 16)
195 3714 357 3770 Πλιονοὶσαν
373 3715 403 3768 τὸ
421 3721 439 3766 ᾶ
458 3714 656 3784 pentetecosten
672 3715 755 3767 αὐτὸν
772 3714 853 3767 τόνον
870 3716 969 3785 ἄβορος
986 3714 1049 3781 (scr.
1069 3713 1157 3783 ἀμαυ-

64 3801 116 3871 ρός)
132 3797 262 3872 ἀμαυρός,
283 3798 403 3867 ἄσταχυς
420 3797 482 3866 [scr.
501 3797 632 3867 ἆσταφίς)
649 3797 736 3853 Schol.
756 3799 787 3853 lt.
806 3799 875 3853 Vlll.
898 3799 955 3856 178.

124 3883 167 3952 17]
189 3883 287 3950 Lysiae
310 3883 454 3938 orationem
471 3880 539 3952 πρὸς
555 3883 689 3951 Χοτρίνον
706 3887 831 3938 memorat
847 3882 938 3936 Pollux
957 3878 987 3934 X.
1008 3879 1064 3935 116.
1084 3879 1155 3947 quod

66 3979 151 4023 nomon
173 3967 216 4023 vot
245 3970 369 4021 accentus
394 3979 475 4020 eausa
505 3970 656 4033 suspectum
684 3969 733 4020 est.
771 3965 897 4037 ’roocptvp³
926 3962 996 4032 quot
1020 3962 1157 4030 Benttejus

67 4053 146 4116 posuit
162 4050 194 4106 ai
211 4049 274 4104 Hor.
293 4046 343 4103 Od.
354 4049 398 4128 ,¹¹·
416 4049 442 4116 8,
463 4048 488 4106 2.
508 4048 577 4117 apud
596 4047 711 4104 Graecos
728 4062 780 4104 oon
797 4049 894 4118 reperi.
986 4087 988 4098 .

97 4149 205 4203 Lobeclr.
221 4150 361 4212 Patleoleg.
923 4129 965 4196 14
