2750 4994
208 281 271 350 icc
554 269 875 342 ulssuarurlo
903 271 953 338 lli

208 444 348 529 quimus
370 442 563 508 obliteratam
584 445 618 502 ut
638 439 670 503 in
691 437 795 502 latinis
817 437 1020 521 tergeminus,
1041 437 1322 519 septemgeminus.

209 544 384 610 Proximum
406 540 541 620 antiquis
568 537 643 601 nihil
663 538 781 617 negotii
804 538 945 602 lacessit:
983 529 1045 599 dod
1073 538 1133 602 τοῦ
1159 536 1220 619 εἰμι
1246 532 1325 610 ἐτός

209 639 263 708 καὶ
288 638 397 723 ἔτυμος
424 635 466 713 ὡς
493 633 561 710 ἕλος
587 631 696 718 ἔλυμος
722 636 863 700 Eustath.
893 635 988 720 1408,
1017 635 1065 702 11.
1095 654 1225 718 quorum
1252 637 1325 701 hcc

212 742 327 806 certius
355 739 453 804 altero
481 755 510 799 v.
534 735 694 815 Sprengel.
715 734 754 798 ad
777 735 928 815 Theophr.
952 737 984 800 Τ.
1002 738 1037 802 ll.
1059 737 1129 806 288.
1177 737 1326 816 Scolyrni

211 839 393 924 principium
410 834 545 900 ostendit
560 834 734 913 Hesychius
751 830 874 908 Σκόλος
886 827 967 910 εἶδος
979 829 1128 919 ἀκάνθης.
1162 836 1224 901 Pro
1245 831 1327 900 Πό-

211 944 307 1022 λνμος
328 937 435 1001 nescio
458 951 497 997 an
518 929 663 1015 Σόλυμος
684 933 878 997 scribendum
900 935 956 1018 sit,
983 943 1331 1016 quemcommemorat

214 1038 389 1122 Stephanus
413 1052 438 1098 s.
460 1028 591 1096 Μιλόαα
633 1031 679 1096 De
699 1034 811 1096 ceteris
834 1032 1055 1098 Technicorum
1077 1036 1227 1116 exemplis
1249 1034 1328 1099 dis-

214 1136 297 1203 serui
320 1135 351 1198 in
372 1131 482 1229 Parull.
504 1131 574 1196 423.
604 1146 732 1211 quorum
759 1148 850 1196 uuum
875 1131 1041 1214 μίμγλνμος
1067 1127 1085 1196 ὁ
1111 1129 1329 1216 στρεφόμενος

213 1231 334 1319 γόμφος
356 1232 571 1314 cognationem
592 1229 707 1294 haherc
729 1228 850 1294 ridetur
871 1247 939 1296 curn
962 1232 1083 1314 νόμιλος
1103 1235 1229 1298 nomine
1251 1235 1328 1297 avis

213 1331 369 1398 versatilis
391 1330 471 1396 unde
491 1329 650 1412 αιμκλίζειν
668 1321 704 1390 τὸ
724 1321 948 1410 μεταστρέφειν.
990 1331 1069 1396 hddi
1088 1339 1223 1412 possunt
1248 1323 1346 1395 Φά-’

214 1451 312 1514 pepon
328 1424 451 1510 θρασύς
467 1436 498 1493 et
519 1422 684 1510 όφόρνμος
705 1421 837 1508 ἄτολμος
856 1429 930 1492 llas.
954 1434 984 1492 et
1006 1446 1045 1493 ex
1066 1432 1156 1494 tertia
1178 1431 1330 1496 declina-

216 1532 301 1596 ticue
322 1524 480 1610 δαιτυμόν
507 1545 526 1592 a
552 1521 659 1600 δαιτός
680 1525 856 1592 derivatum.
886 1527 1012 1592 Vocalis
1033 1528 1156 1593 ultimae
1178 1531 1333 1612 exempla

216 1628 300 1696 nulla
322 1632 490 1712 suppetunt
516 1632 640 1707 praeter
660 1625 813 1690 vocabula
832 1626 1005 1710 plantarum
1025 1622 1171 1710 ἄμωμον,
1201 1626 1332 1710 καρδό-

216 1748 326 1812 μωμον
353 1726 507 1792 diversum
542 1741 560 1790 a
589 1722 750 1807 cardamo,
782 1731 813 1788 et
845 1720 1060 1807 κιννάμωμον,
1090 1728 1137 1790 cui
1165 1727 1333 1794 Nicander

217 1825 438 1911 praeformavit
459 1824 642 1904 primitivum
663 1823 795 1905 αἰναμον
816 1830 847 1887 ct
867 1824 994 1908 propria
1015 1823 1169 1890 homiuum
1191 1823 1333 1892 Σὲλδω-

218 1947 276 2011 μος
298 1933 328 1992 et
348 1925 494 2006 Σίρωμος
513 1923 626 1987 Herod.
648 1923 709 1988 llll.
733 1921 781 1987 98.
804 1923 950 2004 urbisque
972 1919 1126 2006 Εόρωμος
1145 1943 1173 1990 v.
1194 1926 1333 1993 Eckhel.

218 2027 324 2092 Doctr.
348 2024 380 2088 Τ.
398 2023 434 2087 ll.
457 2022 528 2088 581.
551 2021 732 2103 quibuscum
755 2021 830 2085 nihil
850 2021 941 2086 nohis
968 2030 1016 2087 est
1038 2025 1231 2106 commercii3
1266 2049 1334 2108 μα-

219 2120 306 2210 adua
333 2121 509 2188 vestimenti
542 2136 670 2203 nomen,
702 2118 785 2201 quod
815 2119 1021 2188 Schneidcrus
1050 2139 1088 2188 ex
1108 2123 1197 2191 illl
1229 2127 1333 2210 auore,

222 2222 420 2292 omittendum
442 2225 509 2284 erat
530 2225 563 2282 ut
584 2219 769 2286 hebraicum.

683 2463 789 2528 cAP.
824 2464 865 2530 ll.

605 2629 662 2698 De
692 2628 945 2717 affectionibus.

310 2805 340 2876 s.
363 2797 390 2866 1.
431 2797 643 2880 hlutationum,
665 2813 743 2880 quas
764 2797 917 2861 vocabula
937 2797 1028 2878 hujus
1050 2798 1162 2864 classis
1184 2803 1336 2892 subeunt,

227 2899 326 2985 prima
347 2903 395 2966 est
417 2894 580 2982 productio
601 2896 721 2960 vocalis
743 2896 1009 2981 antepenultimae.
1051 2899 1129 2962 Non.
1149 2901 1266 2984 loquor
1298 2907 1337 2972 dc

227 2993 356 3080 πλόϊμος
379 3001 409 3062 ct
429 2991 580 3076 ciclopes,
609 3011 680 3060 nam
700 2996 778 3059 haec
800 2995 908 3060 eodem
930 2998 994 3060 scra
1017 2997 1088 3062 loco
1112 3008 1184 3064 suut
1212 3011 1247 3066 ut
1272 3006 1338 3070 dixi

230 3097 269 3164 ad
288 3097 399 3177 Phrpn.
423 3093 492 3162 615.
514 3094 570 3159 sed
591 3086 744 3174 όρώοιμος
766 3094 940 3175 Sophocles
961 3099 1140 3181 usurpavit,
1171 3101 1222 3164 cui
1251 3104 1339 3170 iufra

229 3191 353 3278 ἀρωοὴμ
382 3193 561 3276 adjungam,
594 3199 624 3256 et
650 3189 810 3274 αἰδήοιμος
840 3193 932 3275 Orph.
962 3195 1034 3274 Arg.
1064 3195 1152 3262 1346.
1181 3216 1240 3279 pro
1272 3223 1337 3286 quo

231 3293 319 3360 codd.
344 3292 462 3374 aliquot
483 3287 667 3373 αἰδέσοιμος·
682 3291 832 3376 praebent
861 3293 899 3355 ah
928 3295 1076 3375 exemplis
1097 3297 1191 3361 nihilo
1215 3305 1340 3367 conlin-

230 3394 352 3470 matlus,
374 3409 444 3455 num
466 3408 523 3472 pro
546 3385 708 3473 όκέοσιμος
728 3391 849 3455 Maxim.
872 3409 900 3455 v,
923 3391 990 3457 149.
1009 3410 1090 3457 nuuc
1107 3389 1266 3479 ἐναίσιμος
1283 3420 1340 3466 re-

232 3500 355 3575 ceptum
376 3495 433 3555 est.
476 3490 622 3570 Ejusdem
641 3491 779 3571 syllabae
801 3490 892 3554 modo
911 3492 1124 3573 corripiendas
1144 3495 1239 3561 modo
1254 3516 1340 3580 pro-

232 3590 390 3658 ducendae
419 3589 680 3668 opportunitatem
701 3589 754 3654 dat
776 3588 939 3653 diversitas
962 3592 1105 3672 originis5
1132 3610 1203 3657 uun
1226 3614 1246 3660 a
1276 3594 1340 3682 μό-

233 3714 288 3774 ρος
317 3691 486 3754 derivatum
515 3693 563 3750 est
590 3683 735 3769 μόριμος,
765 3706 784 3752 a
810 3683 958 3771 μέμορσαι
984 3685 1147 3774 μόρσιμος,
1178 3710 1241 3773 quo
1275 3714 1341 3760 non

235 3792 334 3858 solum
356 3794 469 3870 poelac
491 3792 617 3848 utuntur
637 3787 693 3851 sed
714 3787 890 3851 Herodotus
912 3783 1051 3870 quoque3
1072 3791 1144 3853 item
1160 3791 1236 3856 illud
1251 3795 1340 3876 quod

233 3883 414 3958 Eustathius
435 3884 556 3964 attingit
576 3902 606 3968 p.
630 3885 720 3970 1472,
741 3886 789 3952 32.
816 3889 874 3951 τοῦ
895 3879 1034 3968 ὀφέλλειν
1064 3884 1127 3951 ἔστι
1151 3886 1206 3952 καὶ
1234 3886 1341 3976 ὄνομα

235 3987 320 4071 παρὰ
340 3988 383 4074 τῷ
402 3979 564 4068 'choraeo
584 3977 755 4067 ὀφέλόαμος,
778 3981 797 4050 ὅ
823 4008 903 4061 τινες
921 3984 975 4050 καὶ
1001 3979 1170 4072 doliaque
1195 3985 1347 4071 ἔγραψαν.

237 4081 462 4166 αόολικώτερον,
482 4081 542 4147 hoc
564 4089 613 4148 est
634 4101 653 4148 a
674 4085 777 4150 tutuo
799 4085 919 4152 aeolico
942 4092 975 4152 ut
995 4082 1160 4172 ἐγέροιμος,
1182 4083 1338 4176 αὲρσιμος,
