2788 4986
224 265 272 334 td
588 267 918 342 nissnurnrio
949 269 970 332 I.

224 423 313 512 θμωὴ
336 426 468 512 adside,
490 431 521 496 iu
542 432 641 498 vicem
657 432 825 498 succedent
846 434 907 498 aIIa
921 433 1087 517 gentilicia,
1109 450 1189 514 qnae
1203 436 1340 500 Romani

225 530 286 594 troc
308 545 369 594 uno
389 528 481 594 modo
503 529 633 610 figurant
648 531 790 597 Graecus
810 532 944 613 Graeco,
969 533 1080 598 Guttam
1095 533 1199 614 Getta,
1224 533 1341 600 Graeci

225 628 388 710 dupliciter
406 621 498 710 Ἰνδιὶ,
519 625 622 712 Λυδή,
643 626 746 714 Σύρα,
768 633 884 708 Μυσίς,
909 632 1016 706 Κιλας
1035 639 1093 696 etc.
1112 651 1140 698 v.
1158 634 1275 698 Adnot.
1300 636 1342 698 ad

224 729 399 794 Buttmann.
422 726 551 794 Gramm.
573 729 607 793 II.
629 729 699 796 426.
722 738 753 796 et
775 747 870 812 saepe
892 748 955 794 non
976 738 1101 795 morant
1122 732 1202 796 sicut
1223 733 1343 797 Medea

225 843 288 892 Iton
310 828 411 893 solum
433 821 539 909 Κόλχη
562 834 593 891 et
614 828 728 910 Κολχίς
749 829 859 894 dicitur
881 829 936 893 sed
960 835 1050 893 ctiam
1071 824 1092 912 ἡ
1113 825 1236 912 Κόλχος
1257 833 1341 896 Plat.

224 925 355 1006 Euthyd.
369 925 439 990 235.
454 925 486 990 C.
530 925 591 992 Sed
605 944 662 1008 pro
677 929 813 992 motione
829 930 956 992 Romani
969 930 1120 996 interdum
1134 932 1342 1012 appositione

223 1027 274 1095 usi
302 1031 374 1089 sunt
401 1023 499 1105 λύραι
519 1025 642 1107 semitae
665 1025 759 1091 Tacit.
781 1028 859 1092 IIist.
880 1027 914 1092 II.
937 1027 984 1093 13.
1004 1027 1101 1107 troas
1122 1031 1238 1093 mutter
1261 1031 1342 1094 Sai-

224 1125 296 1190 lust.
317 1125 395 1189 Hist.
417 1125 452 1190 II.
474 1123 543 1190 958.
567 1125 650 1189 Cort.
666 1142 722 1205 pro
738 1127 883 1210 ugustis,
905 1143 1035 1207 quorum
1049 1125 1123 1190 nihil
1136 1129 1237 1192 simile
1252 1128 1342 1209 apud

225 1223 363 1290 Graecos
385 1223 457 1288 mihi
477 1224 634 1288 invenisse
655 1223 771 1290 videor.
813 1227 925 1290 Verum
947 1225 986 1289 de
1007 1226 1181 1290 animalium
1195 1228 1341 1291 nomini-

225 1323 285 1390 hus
307 1323 396 1404 plura
417 1339 508 1404 quarn
531 1323 593 1387 dixi
614 1322 744 1386 dicenda
765 1331 893 1390 restant.

308 1451 337 1521 s.
359 1445 387 1510 5.
431 1444 691 1520 Quemadmodum
715 1448 794 1510 enim
815 1448 846 1510 in
867 1447 928 1510 hoc
950 1453 1017 1510 toto
1041 1453 1174 1510 tractatu
1198 1447 1260 1510 tria
1282 1448 1341 1511 ilIa

224 1561 354 1628 genera,
382 1561 462 1624 quae
490 1546 523 1608 in
551 1546 744 1625 praefatione
772 1545 940 1628 descripsi,
969 1547 1013 1608 ita
1040 1547 1121 1608 inter
1142 1563 1176 1609 se
1197 1547 1341 1627 implexa

225 1651 297 1710 sunt
324 1650 358 1706 ut
387 1661 482 1724 saepe
505 1645 602 1707 aciem
627 1642 749 1726 fallant,
785 1645 831 1707 sic
858 1645 890 1707 in
913 1645 961 1707 Iris
984 1661 1106 1725 quoqne
1129 1644 1339 1709 dubitationis

224 1743 385 1826 plurimum
406 1749 506 1805 utrum
530 1740 709 1806 diversitate
736 1743 870 1806 flexurae
893 1743 1005 1805 animai
1025 1741 1106 1806 idem
1127 1760 1166 1806 an
1188 1742 1339 1808 diversus

225 1859 319 1908 sexus
343 1857 382 1905 an
402 1859 476 1906 vero
500 1841 623 1922 species
646 1838 829 1924 declaretur,
850 1843 910 1905 nisi
925 1848 1049 1904 veteres
1063 1842 1124 1923 ipsi
1138 1841 1240 1905 lucem
1254 1861 1339 1923 por-

223 1941 326 2021 rigunt
353 1946 386 2003 ut
407 1939 555 2003 Aelianus
576 1939 611 2002 H.
632 1939 668 2001 A.
690 1938 737 2003 iv.
758 1939 786 2004 5.
814 1941 905 2023 κίρνη
924 1934 1002 2018 πρὸς
1022 1941 1131 2021 κίρκον
1152 1935 1192 2004 ού
1212 1943 1260 2028 τῷ
1282 1939 1339 2024 γε’-

223 2061 270 2104 νιι
287 2035 388 2121 μόνον
407 2032 481 2101 tttd
500 2035 553 2103 καὶ
571 2039 609 2122 τῇ
631 2033 725 2120 φύσει
745 2034 890 2121 διαφέρει.
932 2039 1016 2103 Haec
1037 2041 1129 2120 igitur
1152 2047 1182 2104 et
1204 2041 1270 2104 alia
1285 2042 1337 2105 di-

225 2139 377 2204 catalecta
391 2138 490 2212 σίιιος
504 2144 534 2201 et
548 2139 641 2220 σίιτη,
661 2138 750 2218 pIcus
763 2144 793 2201 et
808 2140 888 2222 pica,
907 2156 1001 2221 parus
1017 2146 1144 2224 etnam,
1163 2141 1190 2204 si
1201 2128 1338 2221 propter

223 2237 375 2320 quandam
396 2238 446 2303 rel
467 2238 584 2300 formae
605 2237 655 2300 vel
669 2237 770 2300 victus
782 2238 832 2301 vel
845 2239 933 2302 vocIs
949 2239 1175 2302 similitudinem
1190 2239 1340 2302 similiter

223 2337 380 2419 appellata
407 2335 525 2418 sunt,²1
548 2334 783 2399 denominativis
810 2336 945 2400 adscribi
974 2345 1115 2418 oportet;
1149 2338 1177 2400 si
1199 2337 1336 2401 fortuito

223 2441 411 2517 congruunt,
444 2433 731 2518 sethomonymis,
760 2436 827 2515 pari
855 2442 984 2517 utraque
1004 2437 1169 2530 intervallo
1190 2453 1208 2499 a
1234 2454 1337 2517 para-

223 2532 432 2600 schematistis
461 2527 558 2611 ύὸρος
587 2528 685 2614 ύδρα,
718 2529 869 2616 μύραινος
900 2530 1053 2618 μύραινα,
1088 2535 1196 2610 unicos
1224 2537 1335 2615 σπίνα,

223 2634 330 2716 φύκας
358 2626 465 2714 φώκη,
494 2625 616 2706 θύννος
642 2627 676 2694 ἐν
700 2633 738 2715 τῇ
758 2632 847 2716 nodum
869 2636 1021 2722 σννηθείᾳ
1040 2630 1148 2698 θύννοι
1168 2635 1236 2700 ΕΜ.
1258 2637 1335 2719 459,

223 2733 272 2798 27.
295 2732 393 2796 Cram.
407 2731 442 2795 II.
456 2729 527 2814 449,
542 2729 590 2795 30.
605 2731 752 2806 diacanos
763 2727 904 2815 ύιττύκη,
918 2730 1035 2809 uiridior
1050 2728 1209 2818 ἑλληνικόν
1225 2733 1336 2812 ψύλλα

221 2825 348 2896 αἰιιιιιόν
369 2848 396 2894 r.
419 2829 458 2894 ad
477 2829 588 2910 Phrym
602 2829 671 2894 334.
693 2831 843 2895 luscinius
865 2831 1006 2916 luscinia,
1029 2834 1136 2897 simius
1157 2834 1249 2898 simia
1273 2842 1335 2899 etc.

224 2930 285 2996 Sed
307 2947 397 3012 quam
417 2930 517 2994 facilis
540 2936 588 2994 est
609 2945 754 3010 generum
777 2928 898 3014 divisio,
927 2938 989 2995 tarn
1008 2948 1071 2995 non
1095 2933 1185 2995 facile
1206 2932 1335 2998 videtur

221 3030 375 3094 vocabula
394 3031 464 3110 Ipsa
486 3028 671 3112 dIsoernere,
694 3045 732 3092 ea
752 3032 935 3109 praesertim
957 3033 989 3094 in
1010 3031 1121 3111 quibus
1141 3031 1191 3095 vel
1210 3031 1334 3096 librarii

221 3129 366 3192 vacillant
394 3128 444 3192 vel
472 3131 643 3208 scriptores
672 3126 866 3211 discrepant,
898 3135 978 3195 sicut
1003 3130 1132 3213 θρίσσος
1159 3136 1191 3194 et
1211 3132 1334 3214 θρίσσα

221 3227 320 3290 verint
340 3229 373 3290 in
395 3225 482 3291 codd.
494 3245 522 3292 r.
537 3226 661 3290 Jacobs,
677 3226 715 3290 ad
727 3228 818 3292 Anth.
835 3229 867 3292 T.
883 3229 958 3292 VIII.
975 3229 1042 3294 173.
1057 3226 1170 3312 χάννας
1184 3235 1215 3293 et
1229 3225 1333 3314 χύννη

222 3325 332 3390 Corais
363 3325 401 3390 ad
430 3325 595 3391 Xenocrat.
623 3342 652 3407 p.
675 3325 723 3390 61.
752 3321 898 3408 ὀσμύλος,
915 3321 1034 3411 ὀσμύλη
1061 3347 1089 3410 p.
1114 3327 1181 3394 194.
1210 3321 1229 3391 ὁ
1255 3325 1332 3412 etri

101 3605 103 3612 ’
219 3609 247 3662 iu
264 3605 347 3662 Iliade
371 3622 422 3664 non
439 3609 542 3677 Iegiiur,
562 3609 718 3678 praetulisse
736 3609 886 3664 femininum
903 3608 1000 3680 θμιρας
1016 3615 1045 3666 ut
1063 3609 1152 3682 τρῴας
1167 3612 1211 3668 vel
1231 3611 1331 3682 δμῳάς

220 3696 350 3759 oxytondtl
367 3697 397 3746 ut
416 3691 499 3748 Ciam.
519 3693 561 3748 lV.
583 3694 641 3750 315.
661 3691 756 3761 δμῶας
772 3691 925 3761 α’ρσενικόν,
951 3691 982 3746 τὸ
1002 3692 1032 3747 δὲ
1049 3693 1171 3758 θηλυκὸν
1187 3694 1218 3747 τὸ
1238 3697 1253 3747 ι’
1271 3699 1330 3767 ἔχει

219 3775 266 3826 καὶ
294 3772 425 3833 ὀξύνεται.

284 3858 331 3927 21)
356 3858 396 3912 Τὰ
417 3857 502 3910 πολλὰ
525 3859 579 3910 τῶν
603 3857 678 3921 ζώων
700 3859 755 3911 τῶν
776 3859 834 3912 καί
857 3857 932 3918 εἶδος
955 3858 1166 3930 ὃμοσχημόνων,
1191 3855 1254 3915 οἷόν
1271 3863 1328 3916 ἐστι

217 3939 323 4013 κορύνη
341 3941 388 3996 καὶ
406 3941 500 4014 κόραξ,
519 3943 576 4012 ἔχει
593 3941 667 4000 τινας
683 3942 754 3994 κατὰ
771 3942 820 4007 τὴν
831 3941 967 4014 πρύςσψιν
978 3943 1126 4018 διαφοράς,
1145 3939 1189 4004 αἶς
1201 3945 1328 4017 γνώρίζει

217 4024 287 4077 κατὰ
306 4029 434 4096 συζυγίαν
454 4025 553 4089 ἄλληλα
575 4025 681 4082 NemcS.
703 4026 736 4082 de
754 4027 785 4080 N.
803 4026 834 4080 Η.
853 4025 931 4083 XLII·
949 4029 1007 4086 342.
1041 4027 1134 4098 Κόραξ
1153 4030 1200 4082 καὶ
1219 4031 1326 4101 κορύνη

217 4107 266 4160 τοῦ
280 4109 365 4163 αὐτοῦ
381 4111 434 4163 εἰσὶ
450 4111 546 4177 γένσνς
565 4109 653 4165 Schol.
674 4109 744 4166 Arai.
763 4111 821 4168 949.
