2770 4992
220 291 383 357 DEMUT.
406 289 736 356 probibendus.
772 288 867 354 dili.
894 289 964 364 §.b
1103 285 1148 354 57

65 461 121 522 licis
134 459 235 522 tornis
248 474 327 539 quas
341 457 441 522 adbuc
456 473 548 521 nemo
563 455 604 521 od
616 455 896 537 ouramrerocavit‚
909 467 1015 518 eorum
1024 451 1147 533 quidem

63 559 105 638 qui
126 555 161 620 de
179 573 293 637 graecu
312 563 378 621 arie
400 557 629 636 scriptitarunt3
650 571 722 618 nam
739 553 866 617 aliarum
880 553 1051 634 linguarum
1063 553 1148 618 inve·

62 658 211 738 stigaiores
223 657 308 718 bunc
323 656 425 719 locum
439 671 477 718 ea
490 671 553 736 quo
566 671 622 735 par
636 659 685 718 est
698 653 897 717 accuratione
912 648 1028 731 dignati
1044 658 1127 717 sunt.

130 762 157 830 §-
169 755 197 820 2.
235 755 262 818 J.
277 753 449 835 Grimmius,
470 753 518 816 vir
538 753 835 834 praestantissimus,
854 752 888 813 in
902 747 1032 815 Gramm.
1047 747 1146 815 Germ.

63 855 88 916 T.
103 854 146 917 ill
160 853 228 918 347.
249 853 413 917 vocabulis
433 853 466 915 in
486 869 581 916 sexus
603 853 695 915 motis
717 848 944 931 quodammodo
966 849 1148 930 aequiparat

60 953 186 1016 feminina
205 969 244 1016 ex
271 950 450 1015 masculinis
476 952 635 1014 neutrisve
661 964 816 1012 conversa
841 947 1030 1029 hujusmodi:
1057 951 1149 1014 Steio

59 1051 152 1131 (lapis)
164 1054 295 1116 τλτλκαα
309 1050 388 1130 (olla
400 1048 536 1130 lapidea)
550 1053 609 1112 too
623 1048 787 1129 (pinetum)
802 1051 900 1111 icone
915 1047 1030 1131 (pinus,
1044 1047 1147 1130 abies)

60 1157 85 1212 ot
100 1149 184 1214 bodie
203 1152 322 1214 usitata
341 1147 431 1213 Locb
451 1146 578 1226 Lccbe,
601 1147 688 1210 liobr
707 1147 840 1211 lioebrc.
879 1145 989 1210 Graeci
1008 1145 1149 1228 magistri

59 1250 136 1313 nodo
146 1249 317 1312 masculina
331 1247 513 1311 alemininis
525 1251 685 1326 repetunt:
696 1240 850 1328 στέφανος
862 1239 880 1308 ὅ
892 1239 1007 1320 κύκλος
1018 1239 1081 1309 άπὸ
1092 1247 1147 1329 τῆς

59 1343 193 1432 στεφάνης
210 1349 278 1411 τῶν
296 1345 458 1428 maredo
477 1345 548 1408 Seli.
568 1344 601 1408 ll.
622 1345 699 1409 lllll
722 1343 791 1409 736.
817 1344 910 1408 modo
928 1345 1006 1409 baec
1027 1347 1066 1410 ab
1085 1348 1148 1412 illis

59 1443 156 1527 ἑσπέρα
173 1442 235 1511 άπὸ
246 1447 307 1509 τοῦ
321 1441 448 1526 ἕσπερος
468 1443 539 1508 Scb
553 1443 586 1506 ll.
599 1443 689 1506 llllll
705 1443 781 1520 318.
803 1444 1012 1524 appellatione
1034 1445 1149 1528 duplici

61 1539 131 1621 οἶνος
148 1582 189 1594 -
205 1545 280 1628 οἴνη
300 1538 322 1627 ἡ
339 1539 472 1625 ἄμπελος
484 1536 564 1604 κατὰ
575 1537 768 1624 παραγωγήν
781 1542 968 1625 Theogncsi.
982 1543 1017 1608 ii.
1032 1543 1148 1628 22‚³‚25.

58 1642 106 1727 τὴν
122 1646 190 1728 βίον
207 1639 400 1726 παράγοντες
420 1635 589 1722 ὠνόμασαν
599 1641 671 1723 βίον
684 1637 783 1721 ὥςπερ
795 1636 854 1724 τὴν
866 1637 998 1724 ἑσπέραν
1008 1637 1149 1726 Ὅμηρος

60 1741 184 1825 ἕσαρον,
212 1739 293 1808 ὅθεν
322 1735 502 1824 ἀταλφωνον
526 1741 585 1804 τοῦ
612 1741 684 1822 βίου
702 1737 804 1823 ὄνομα
822 1737 929 1823 γέγονε
950 1742 1095 1809 Themist.
1116 1747 1150 1810 in

61 1846 134 1909 srob.
160 1847 257 1910 Serm.
286 1840 388 1906 diiii
416 1838 495 1904 28st
541 1836 740 1922 Μάρπησσος
771 1839 962 1924 παρώνυμον
995 1837 1058 1907 άπὸ
1089 1843 1150 1909 τοῦ

61 1938 224 2026 Μάρπησσον
250 1935 296 2016 ὡς
322 1936 448 2022 μέλισσα
473 1933 632 2012 λάλτσσος
659 1939 794 2021 Theogn.
816 1941 865 2025 73,
886 1942 915 2006 3.
955 1944 1028 2007 Arc.
1049 1945 1099 2026 77,
1120 1943 1149 2011 5.

61 2040 211 2124 Στάφυλος
229 2035 426 2122 παρώνυμον
445 2031 507 2100 άπὸ
527 2039 586 2100 τοῦ
605 2033 749 2121 σταφυλή
770 2041 841 2103 Are.
855 2039 904 2123 57,
919 2039 947 2104 5.
970 2041 1053 2123 qnod
1071 2045 1150 2107 Am-

61 2144 165 2206 nonins
192 2142 349 2221 disceptat
378 2157 404 2203 s.
424 2138 453 2201 b.
474 2156 502 2200 v.
528 2132 640 2218 λάχνος
665 2134 863 2220 παρωνύμως
887 2139 926 2222 τῇ
952 2135 1049 2226 λάχνῃ
1078 2143 1149 2207 Soli.

62 2239 175 2305 0le
200 2241 272 2305 445.
304 2253 384 2320 quae
409 2253 470 2301 nos
494 2236 670 2300 nominibus
698 2237 963 2302 denominatarum
996 2247 1028 2303 et
1054 2257 1151 2321 para-

62 2339 314 2404 scbematistorum
336 2337 539 2402 distinximus.
575 2336 609 2398 Si
629 2352 705 2400 vero
728 2337 885 2418 quaeritur
906 2355 1056 2419 quaenam
1070 2341 1151 2404 ratio

62 2438 190 2502 rutilos
211 2438 336 2504 duxerit
356 2443 408 2500 aut
429 2437 522 2500 nobis
544 2435 702 2516 sequenda
723 2437 773 2520 sit,
794 2453 846 2501 res
866 2438 937 2519 ipsa
953 2453 1013 2501 nos
1026 2439 1056 2501 in
1070 2437 1152 2502 hanc

63 2539 226 2602 molentium
249 2537 364 2602 ducere
383 2533 503 2599 videtur
523 2541 558 2598 ut
570 2551 638 2598 cam
659 2536 787 2599 tormam
809 2537 992 2617 primitivam
1013 2538 1151 2604 dicamus

63 2639 137 2714 eujus
157 2637 340 2717 significatio
363 2635 534 2714 simplicior
554 2641 586 2698 et
607 2651 627 2698 a
647 2635 793 2698 sensibus
821 2637 966 2719 propior,
994 2653 1070 2701 usus
1092 2655 1152 2702 an·

64 2734 160 2814 tiquior
179 2736 382 2814 crebriorque
403 2739 460 2797 est.
502 2729 737 2818 laquearibus,
765 2750 827 2816 quo
856 2751 1021 2816 corporum
1047 2743 1151 2801 motus

65 2841 213 2898 aestuosus
246 2833 437 2915 declaratur,
472 2835 558 2914 prins
585 2839 691 2896 natum
721 2832 927 2913 judicabimus
955 2851 1046 2916 quam
1073 2831 1152 2919 οάλη

65 2933 184 3012 φροντίς,
205 2942 237 2998 et
248 2928 369 3006 κάανος
383 2933 538 3012 antiquins
553 2949 643 3012 quam
661 2929 764 3015 κάπνη
778 2934 947 3017 fumarium,
969 2941 1001 2998 et
1014 2932 1152 3019 κννόάλη
1244 2923 1248 2932 ’

66 3023 295 3116 incompte
316 3050 336 3095 a
355 3026 509 3105 κάνδαλος
524 3027 662 3113 (κοντός)
683 3039 797 3113 μοιμοι,
821 3031 988 3112 eademque
1003 3031 1040 3096 de
1056 3049 1153 3098 cansa

66 3126 165 3212 κνημός
185 3150 203 3196 a
221 3128 341 3215 κνήμη,
364 3126 504 3204 ἄκανθος
524 3130 563 3194 ab
584 3127 725 3209 άκανθα,
748 3133 857 3212 spinns
880 3147 898 3194 a
920 3133 1025 3213 spina,
1045 3138 1152 3212 quitus

67 3239 183 3314 agulia,
203 3234 315 3314 alapns
335 3230 374 3293 ab
396 3230 488 3310 alapa
508 3229 677 3293 derivatum
695 3229 855 3295 videbitur.
888 3231 956 3294 lloo
973 3231 1153 3296 confirmant

68 3332 173 3394 nomina
193 3331 392 3395 animantium
413 3329 592 3409 apartibus
614 3331 757 3411 eorporis
779 3329 871 3393 ducta
891 3324 1040 3411 κέφαλος,
1061 3327 1153 3414 κόρυ-

68 3446 124 3504 φος,
143 3426 257 3509 κόπος,
276 3424 403 3512 ἥπατος,
425 3420 530 3510 ὠτός,4
548 3427 674 3511 barbis,
697 3432 750 3490 aut
771 3446 790 3491 a
810 3426 890 3491 locis
908 3425 1042 3505 κάψελος
1057 3426 1106 3494 ὅτι
1118 3427 1153 3495 ἐν

68 3530 122 3600 ταῖς
135 3531 272 3605 noceor
282 3522 432 3593 νεοπεύει
451 3530 581 3591 Aristot.
593 3533 656 3590 aui
677 3526 717 3590 ob
732 3527 810 3592 alias
823 3529 961 3592 rationes
977 3536 1010 3593 ut
1021 3529 1153 3613 κίθαρος

123 3723 149 3790 3)
170 3726 225 3782 lloo
247 3729 335 3784 simile
354 3728 504 3784 Heracliteo
523 3724 561 3794 τῷ
577 3722 646 3793 τόξῳ
664 3725 754 3793 ὄνομα
773 3723 833 3792 βιός
851 3724 933 3794 (βίος)
952 3727 1034 3796 ἔργον
1050 3726 1081 3780 δὲ
1100 3727 1151 3780 σά-

72 3819 137 3863 νκτος
151 3807 204 3864 ΕΜ,
223 3813 280 3880 198,
297 3813 340 3868 24,

125 3889 150 3957 λ)
173 3893 262 3948 sicin
280 3894 400 3949 omnibus
418 3893 495 3948 codd.
515 3892 663 3948 Aristotelis
680 3891 802 3946 scribitur
819 3893 894 3959 quasi
912 3891 1040 3950 diastolac
1058 3909 1153 3962 causa;

73 3959 126 4028 dra·
140 3989 178 4044 ap.
195 3977 291 4035 Athen.
314 3983 342 4034 et
359 3977 477 4032 Eustatb.
498 3977 538 4030 sic
554 3980 583 4029 nt
601 3967 915 4043 andronymcum'srwc,
935 3993 986 4034 nec
1003 3977 1153 4044 distiguun.

74 4057 105 4185 tin
118 4063 224 4123 proximu
242 4077 259 4118 a
276 4063 389 4131 propriis
402 4057 690 4129 Κύψελος-Κόρυφον,
709 4057 817 4119 Κόττος.
842 4059 946 4115 Arcadii
961 4063 1090 4118 sententia
1102 4077 1154 4118 non

83 4147 148 4203 rqoet.
