2770 4992
199 309 253 376 Dii
275 301 475 376 NOMlN.lN
495 295 535 374 ὗῖῐ
548 299 816 376 ‘uxuunrruusss
843 309 875 376 C.
889 309 937 376 lv.
960 321 990 390 §-
1004 313 1033 381 2.
1102 313 1166 383 123

52 475 253 542 relerendnm
282 482 332 540 est
360 475 399 540 ad
421 468 482 558 ἄγή
503 474 586 557 quod
608 475 712 556 Solnpl.
733 476 824 539 ‘Anat
846 474 917 542 668.
945 475 1166 560 interpretatui'

53 571 200 658 aupudff
233 575 488 656 Reduplicatione
510 581 673 640 oraverunt
683 569 839 638 κοικύλλω
850 570 887 638 τὸ
900 572 1070 658 amedaeum
1082 573 1168 659 meod

53 670 89 738 τὰ
115 677 205 739 odae
231 675 304 739 llos.
333 682 365 738 et
390 669 549 757 μοιμύλλω
570 690 590 736 a
609 667 696 754 μύω,
724 689 854 754 quornm
880 674 925 737 illi
946 675 1096 740 adnexum
1118 665 1168 742 est

55 775 220 858 proprium
243 775 421 837 Komvttov
442 773 561 837 aelian.
583 774 617 837 V.
638 771 674 836 H.
696 772 772 836 lllll.
796 773 843 837 15.
870 771 989 854 (omiss.
1010 776 1043 838 in
1061 777 1166 858 Thess)

53 881 84 938 ut
105 893 126 938 a
148 869 321 956 καμπύλλω
342 873 545 954 Καμπυλίων,
565 869 621 935 sed
642 873 702 934 hoo
720 872 930 937 interoedente
947 876 1070 940 nomine
1085 897 1167 958 καμ-

52 970 173 1052 πύλος,
195 980 229 1037 ut
249 967 392 1054 maim
417 965 550 1053 ἀγκύλος
567 964 751 1053 Ἀγκυλίων,
772 968 900 1052 poterii-os
915 973 1081 1036 Μικυλίων
1098 977 1168 1057 Aps.

54 1075 136 1154 pian.
170 1072 234 1137 civ.
255 1073 291 1136 V.
312 1072 361 1138 78.
383 1065 595 1148 Σκονθύλλω,
629 1069 712 1151 quod
735 1070 959 1152 Glossograplli
986 1069 1160 1153 τονθορύζ,

54 1174 303 1252 interpretantur
324 1178 358 1235 nt
377 1164 567 1252 σκογχούλας
586 1165 791 1253 ympvopode,
812 1171 873 1234 nisi
896 1172 976 1234 sorte
997 1169 1167 1254 ayoypdgst

7 1273 8 1276 ’
56 1271 210 1337 deflexum
233 1277 292 1349 est,
315 1277 416 1350 etymo
439 1273 524 1333 earet
545 1285 608 1332 non
620 1267 721 1332 minus
735 1284 826 1350 quam
842 1263 989 1351 alaeam,
1012 1271 1095 1352 qnod
1111 1282 1169 1338 νει

7 1379 9 1422 l
57 1379 143 1434 teres
167 1368 261 1435 modo
284 1368 324 1432 ad
344 1363 408 1450 ἅμα
428 1369 579 1449 referunt,
610 1366 702 1430 modo
732 1368 771 1431 ad
792 1367 893 1449 αἴμων
913 1371 1027 1453 soltus,
1056 1378 1088 1434 et
1108 1360 1169 1437 alia

56 1469 217 1532 nonnulla.
268 1468 317 1531 Ab
338 1466 514 1547 hujusmodi
533 1468 626 1548 igitur
646 1463 750 1530 verbis
776 1469 915 1532 oriuntur
936 1467 1089 1549 adjectiva
1109 1484 1170 1552 pa·-

7 1559 9 1624 ὲ
57 1569 225 1652 risyllaba,
244 1559 383 1649 αἱμύλος,
405 1559 555 1648 nimediae,
576 1561 741 1648 γογγύλυς,
764 1562 884 1642 addeins
905 1563 1065 1651 (ἰδύλημα)
1087 1591 1169 1652 καμ-

7 1679 8 1684 ’
58 1665 173 1746 admo,
196 1661 346 1749 ὀγκύλος,
368 1661 563 1747 orooypnitos.
610 1665 687 1728 Pars
708 1667 807 1745 major
827 1681 901 1729 vero
925 1669 1169 1733 terminationem

7 1801 8 1814 .
60 1765 233 1830 asoitioiam
256 1765 358 1829 habet.
407 1764 540 1828 Primum
567 1763 720 1846 verbalia,
749 1781 827 1844 qnae
851 1751 1045 1828 Grammatioi
1066 1767 1169 1832 lutura

7 1945 8 1948 Ἴ
61 1864 250 1943 subjiciunt:
277 1858 406 1940 ’Ἁξυλος
432 1857 518 1945 παρὰ
545 1857 582 1926 τὸ
607 1858 693 1944 ἄγειν
721 1862 791 1926 Son.
812 1862 845 1926 ll.
866 1863 913 1926 Vl.
937 1863 984 1928 12.
1007 1863 1131 1940 οἵσυλος
1144 1861 1170 1931 d

7 1979 9 2068 t
60 1959 230 2044 προύνικος
252 1962 324 2027 Hes,
345 1962 377 2026 id
399 1969 447 2026 est
466 1961 588 2042 bajulus
610 1961 649 2024 ab
672 1960 748 2023 οἴσω
769 1978 796 2024 V.
810 1961 960 2041 Aglaoph.
983 1958 1071 2027 1325.
1093 1967 1171 2026 >Jo-

7 2091 9 2178 ἲ
61 2058 172 2140 σύλος,
201 2054 374 2144 Ὀνήσυλος
401 2067 432 2126 et
453 2057 632 2135 Νικάσυλος
659 2061 847 2140 Theognost.
868 2057 910 2122 ll.
932 2059 980 2124 61.
1008 2059 1091 2140 qnod
1113 2079 1170 2143 pro

7 2179 9 2246 t
63 2157 246 2243 Νικασύλης
266 2159 440 2224 Pausaniae
459 2161 507 2225 Vl.
527 2159 574 2226 14.
595 2161 731 2224 restituit
752 2158 902 2238 Siebelis3
935 2157 1064 2222 alterum
1090 2161 1171 2242 apud
1211 2213 1226 2232 .

62 2260 254 2325 llerodotnrn
276 2259 310 2323 V.
334 2257 401 2324 loa
424 2265 455 2322 et
469 2261 596 2340 saepius
613 2261 646 2323 in
659 2250 1040 2340 sequentibus'Omioatoo
1057 2258 1172 2324 scribi-

7 2361 8 2420 }
64 2368 121 2424 tur.
153 2359 295 2423 Aliorum
308 2357 419 2422 'ortum'
437 2358 574 2423 declarat
587 2358 772 2440 Apollonius
786 2356 825 2420 de
839 2355 915 2420 Adv.
931 2356 1002 2439 583,
1021 2356 1066 2422 13.
1088 2353 1174 2442 παρὰ

7 2447 8 2516 5
63 2454 122 2542 τὴν
144 2452 274 2523 εὐθεῖαν
290 2453 368 2539 ἡδύς
380 2451 503 2539 linitos,
519 2459 602 2539 quod
615 2458 706 2522 hodie
718 2473 783 2521 non
799 2457 910 2536 legitur
929 2457 990 2519 nisi
1002 2459 1171 2543 proprium,

7 2549 9 2684 ἱ
67 2567 97 2622 et
118 2560 189 2622 huic
210 2557 322 2622 similia
345 2552 492 2638 Πραΰλος
512 2557 599 2638 [ling.
615 2558 664 2622 IX.
684 2555 751 2622 115.
763 2551 906 2651 Ὄξυλος,
928 2551 1087 2636 Δριμύλος
1107 2559 1173 2623 Lu-

7 2687 8 2716 i
68 2659 143 2722 oian.
173 2656 249 2721 Gall.
272 2656 388 2720 o.111.8
413 2655 658 2738 adjeotivumquo
685 2651 846 2738 δριμύλος,
879 2670 900 2716 a
922 2653 1072 2720 similibus
1093 2658 1174 2741 βρα-

7 2805 8 2812 ,
68 2752 157 2837 χυλός
184 2756 257 2819 Hes.
287 2760 318 2818 et
342 2755 402 2818 hoo
429 2756 523 2818 tutius
558 2754 735 2818 adverbium
765 2753 908 2835 παχυλῶς
934 2754 1028 2818 Arist.
1055 2755 1173 2823 Nioom.

7 2923 8 2936 ἦ
69 2856 91 2920 l.
107 2856 132 2920 1.
155 2871 185 2936 p.
203 2853 292 2919 1094.
306 2855 336 2918 b.
350 2855 399 2918 20.
420 2852 528 2918 eodem
548 2860 678 2917 aooontu
694 2869 742 2933 ap.
757 2854 913 2918 Eustratlr.
929 2852 1043 2917 Gomrn.
1059 2854 1099 2918 ad
1112 2856 1139 2919 ln.
1154 2857 1173 2922 l.

7 2987 8 3002 ÷
72 2973 99 3036 p.
118 2955 145 3020 6.
170 2972 197 3018 a.
220 2960 251 3016 et
271 2954 358 3018 Enst.
379 2953 449 3036 510,
470 2952 499 3017 8.
522 2969 560 3016 or
582 2969 642 3034 quo
666 2954 822 3036 seqnitur,
850 2951 934 3033 quod
953 2951 1106 3017 Arcadius
1128 2955 1176 3018 si-

71 3053 163 3118 lentio
187 3053 404 3135 praetermisit,
426 3051 578 3132 adjectiva
599 3051 746 3115 tribrevia
769 3058 907 3130 oxytona
928 3066 1009 3114 esso.
1036 3050 1083 3115 Ab
1106 3053 1175 3118 aliis

72 3151 335 3217 terminationibus
358 3139 446 3233 Ἧγις
460 3143 596 3231 ‘Hyettos
622 3168 649 3214 v.
673 3149 805 3214 Siebelis
833 3149 872 3213 ad
892 3149 983 3213 Paus.
1004 3149 1051 3213 Vl.
1076 3150 1123 3235 19,
1145 3155 1174 3218 5.

72 3258 161 3334 κεῑρις
178 3246 328 3330 κειρύλος,
351 3251 379 3314 si
400 3266 474 3313 vera
489 3255 538 3312 est
556 3250 771 3332 interpretatio
787 3248 933 3327 Hesychii
944 3251 1038 3328 κεῖρις
1052 3242 1177 3314 ἀλκυών

74 3356 194 3434 uerique
225 3349 419 3416 Grammatioi
447 3349 499 3431 qni
519 3348 642 3412 Atticos
663 3341 719 3410 τὸν
738 3342 876 3430 κηρύλον
904 3347 950 3410 sio
972 3344 1089 3412 dixisse
1110 3355 1177 3413 tra·-

76 3451 153 3536 dunt‚
176 3469 195 3516 a
216 3446 317 3530 κίῤῥις
336 3448 460 3531 admotos
481 3448 574 3530 ἰχθῦς
593 3447 665 3511 llos,
688 3447 726 3510 alt
748 3441 829 3528 ὀσμή
851 3440 985 3526 liupoton
1001 3445 1124 3512 Nemes.
1138 3447 1177 3512 de

76 3549 140 3616 Nat.
161 3550 251 3613 Hom.
260 3548 307 3613 211.
330 3549 378 3614 al.
402 3555 432 3612 et
453 3549 523 3612 ath.
544 3546 606 3610 Vll.
626 3544 695 3611 318.
717 3546 752 3609 Ε.
776 3544 859 3626 quod
880 3544 1055 3610 Dindorlius
1070 3541 1179 3628 Ιὀσμύ-

76 3650 138 3728 λος,
168 3655 203 3712 ut
233 3645 315 3728 apud
335 3647 495 3710 Aelianum
516 3645 644 3728 legitur,
673 3645 801 3727 scripsit
822 3650 936 3738 eontra
952 3642 1104 3725 regulam3
1139 3645 1177 3712 ab

138 3903 166 3973 7)
194 3903 280 3958 Gloss.
300 3899 418 3968 roffropo
435 3897 540 3967 καμπή,
562 3899 633 3968 quod
650 3913 700 3953 nos
716 3898 827 3954 dicimus
845 3901 912 3965 Boo,
929 3895 1080 3964 dietarium.
1100 3899 1180 3954 ilino

81 3987 153 4041 etiarn
169 3985 315 4052 aaffropmi
333 3989 360 4041 et
376 3985 525 4051 redemporis
1050 4017 1059 4026 .

140 4069 169 4140 8)
191 4068 355 4126 Jacobitzins
374 4081 389 4126 e
407 4066 484 4124 oodd.
505 4063 623 4134 Διμύλος
640 4064 738 4134 edidit,
759 4066 877 4134 quodsi
902 4065 1075 4134 compositum
1095 4071 1181 4123 estut
1210 4128 1212 4133 ,

84 4149 193 4216 devotos,
214 4154 266 4209 alio
285 4153 396 4214 aeoentu
412 4149 554 4206 notandum
569 4155 636 4208 erat.
746 4171 749 4178 ·
1002 4167 1004 4174 ·
1166 4177 1168 4182 ·
