2744 4982
193 229 243 298 88
552 224 877 295 nissnttnnnto
905 225 942 292 ll

197 402 230 460 et
249 390 351 480 φαλός
371 392 491 458 lucidus
518 399 550 458 et
577 387 663 476 φάλιμ
688 393 755 456 sire
782 386 921 474 φάλαινα
941 391 1075 476 papilio,
1101 393 1237 475 italicos
1267 425 1284 440 ·

197 495 281 577 [adn
310 493 456 558 arolatu
477 491 597 572 trepido
620 499 651 555 et
674 493 847 572 crispante,
870 507 965 572 quem
986 490 1122 556 declarat
1141 492 1286 574 epitheton

198 589 423 678 παιφάσσουσα
442 588 580 676 φάλαινα
599 591 666 656 Nic.
686 590 774 653 Ther.
788 589 858 654 λδδ.
879 591 918 654 ci
930 591 1051 672 llenag.
1065 592 1175 672 Origin.
1184 609 1212 672 p.
1224 592 1286 657 557.

199 701 231 761 et
251 693 348 760 rerba
368 692 481 776 quibus
502 689 663 754 oculorum
683 690 812 752 nictatio
836 691 996 769 omnisque
1016 697 1120 756 motus
1141 691 1288 754 creberet

199 809 351 858 coruscus
379 790 559 871 exprimitur
585 783 780 870 ααμφαλάω,
806 783 985 869 ααιφάσσω.
1026 789 1198 870 Eademque
1218 807 1288 853 oon-

200 909 282 956 sona
309 892 402 956 etiam
429 886 470 951 ad
496 903 654 968 paragoga
681 889 793 950 transit
818 883 953 965 σαλεόω,
974 884 1135 968 σαλάσσω,
1155 885 1289 968 σιαλεόω,

199 984 361 1066 paldone,
382 993 499 1052 elnon
519 1003 589 1050 rare
609 1003 679 1050 cunr
700 987 748 1050 bis
769 988 915 1051 nascitur.
956 987 1004 1051 lta
1024 1006 1044 1052 a
1061 983 1150 1052 σπόω
1170 1006 1290 1069 procos—

200 1090 243 1153 oit
263 1083 434 1172 σφαλάσσω
456 1101 578 1167 pungo,
605 1085 684 1150 undo
706 1081 829 1166 σφάλαξ
849 1087 940 1166 spina
960 1095 1053 1150 acuta
1073 1094 1106 1152 et
1125 1081 1292 1162 άσπάλαδος

199 1179 285 1266 παρά
311 1178 347 1248 τὸ
367 1186 436 1248 στιῶ
464 1185 530 1249 ΕΜ.
554 1183 750 1266 indidemque
775 1180 959 1263 σταλάσσω,
989 1190 1078 1266 cujus
1102 1204 1291 1266 synonymum

200 1279 369 1366 σπαράσσω
397 1301 416 1347 a
444 1284 598 1366 primitivo
620 1279 710 1346 σπάω
732 1281 891 1347 diremtum
913 1292 962 1348 est
982 1287 1169 1367 interpositu
1189 1289 1292 1350 toruae

201 1382 405 1449 secundariae
426 1382 555 1462 σπαλοω.
597 1381 704 1463 Neque
718 1398 781 1447 non
796 1382 941 1448 credibile
951 1382 1072 1448 ridetur
1083 1386 1186 1449 uerbis
1198 1381 1292 1448 πάλλω

202 1487 233 1545 et
253 1476 402 1544 παλάσσω
423 1486 650 1562 praestructum
672 1497 745 1544 esse
764 1476 835 1544 πτίω
856 1481 888 1546 λδ
908 1489 958 1546 est
977 1483 1075 1561 ιταλω,
1099 1487 1186 1564 cujus
1206 1485 1293 1564 signi-

201 1578 306 1643 lioatio
321 1578 444 1663 duplex,
461 1595 523 1642 una
535 1579 698 1644 transitiva
711 1580 868 1664 tundendi,
888 1581 988 1646 altera
1000 1582 1149 1646 neutralis
1162 1582 1294 1664 irmendi,

204 1685 239 1744 ut
257 1677 423 1761 Lycopbro
446 1677 521 1742 dixit
534 1676 577 1750 εἰς
589 1671 691 1760 άοκνν
703 1675 841 1762 ἐμπαίει7
855 1675 978 1762 βρόχων
993 1699 1021 1746 r.
1032 1681 1099 1746 104.
1141 1681 1294 1762 Utramque

205 1794 280 1841 vero
297 1776 525 1851 lrabetrerbum
540 1775 726 1859 derivatum3
747 1780 879 1843 activam
890 1779 921 1842 iu
934 1778 1050 1843 Gallim.
1064 1779 1131 1843 Del.
1142 1780 1189 1846 78.
1206 1773 1293 1844 Ἀσω-

201 1872 261 1952 πός
281 1873 456 1941 πωτάλαντο
475 1877 617 1964 κεραυνῷ
638 1876 669 1941 id
688 1884 737 1942 est
749 1873 928 1960 ἐιτίιιλιμιτο,
949 1877 1077 1942 alteram
1091 1879 1123 1942 in
1140 1878 1229 1945 Tbun.
1241 1881 1293 1944 llll.

201 1976 253 2062 84,
270 1977 298 2042 3.
325 1973 395 2062 περί
413 1983 478 2051 τοῖς
498 1975 653 2056 δορατίοις
672 1973 726 2040 καί
747 1971 887 2040 σκεύεσιν
906 1971 1186 2057 ἐμπαλασσόμενοι8
1205 1980 1234 2044 id
1253 1985 1294 2043 est

202 2071 399 2158 ἐμπίπτοντες
418 2084 452 2142 ut
474 2073 586 2141 Suidas
608 2092 649 2140 en
668 2075 697 2140 ln
713 2075 738 2163 l
758 2077 987 2158 interpretatur,
1008 2075 1140 2155 aliisque
1160 2077 1238 2142 locis
1251 2078 1295 2142 nbi

203 2190 278 2239 aves
300 2178 467 2257 piscesque
487 2180 553 2250 τοῖς
573 2168 710 2248 δικτύοις
728 2168 977 2254 ἐμπαλάσσεσδαι
1005 2175 1055 2241 vel
1080 2170 1295 2256 ἐμπλάσσεσδαι

203 2273 264 2338 boo
286 2281 335 2338 est
355 2276 482 2356 impingi
505 2275 663 2354 dicuntur;
697 2289 768 2336 narn
788 2268 937 2336 παλάσσω
960 2280 990 2337 et
1010 2269 1138 2338 πλάσσω
1158 2274 1236 2340 idem
1255 2282 1297 2340 est

203 2373 330 2436 verbnm
351 2379 384 2436 ut
403 2369 549 2454 ταράσσον
572 2381 603 2437 et
622 2367 769 2452 θράσσω,
794 2388 853 2435 nec
875 2371 1029 2437 diversum
1048 2368 1176 2456 πλήσσω
1195 2375 1227 2438 in
1245 2373 1296 2438 lto·

204 2471 319 2533 morico
348 2470 420 2534 loeo
443 2467 520 2534 όταν
542 2474 642 2555 κίχλαι
662 2468 742 2552 ἐρισι
769 2465 952 2553 ἐνιπλήξωσι
979 2489 999 2536 a
1018 2473 1115 2536 verbo
1137 2473 1296 2546 herodoteo

202 2562 322 2648 ἕρκεσιν
349 2565 619 2653 ἐμπαλασσόμενοι.
663 2567 753 2646 Quod
779 2576 896 2653 restat,
923 2571 1069 2651 Hesyobii
1090 2571 1200 2651 glossa
1215 2564 1298 2635 Ἐδα-

202 2662 305 2749 teger]
327 2662 443 2752 ἐδήχθη
462 2663 599 2734 ἀπώλετο
619 2669 726 2733 nescio
743 2684 783 2731 an
796 2668 843 2730 sic
857 2669 1015 2750 explanari
1027 2672 1140 2753 possit,
1162 2671 1297 2735 exverbo

205 2761 281 2842 δάω,
304 2769 392 2847 cujus
416 2777 464 2832 est
483 2761 641 2851 multiplex
663 2765 980 2831 metasohematismus
995 2766 1073 2832 oola
1086 2763 1192 2833 δάπτω
1206 2767 1299 2834 δάκνω

207 2857 332 2946 dioilo-5
351 2867 528 2932 oonllatum
550 2885 622 2932 esse
642 2861 765 2947 δαλάχω
788 2872 926 2930 assumto
949 2866 1071 2932 lambda
1092 2869 1177 2950 quod
1196 2872 1227 2935 in
1246 2871 1299 2934 alio

206 2964 298 3044 hujus
317 2964 449 3029 familiae
468 2967 565 3031 verbo
585 2959 729 3049 δηλέομαι
744 2963 869 3029 residet.
887 2965 953 3032 ¹Sic
970 2966 1062 3046 igitur
1079 2968 1185 3033 sinon
1201 2971 1301 3052 omnia,

206 3062 318 3143 quibus
336 3062 530 3128 Grammatioi
551 3065 701 3144 syllabam
720 3049 763 3126 ἶλ
781 3064 960 3146 inferciunt,
983 3064 1039 3129 sed
1059 3066 1207 3150 ploraque
1227 3076 1302 3133 certe

208 3235 503 3252 m--u

208 3345 303 3402 dicitur
321 3348 354 3404 de
374 3348 502 3417 tripudiis.
544 3347 588 3402 Sic
613 3349 690 3403 etiam
709 3347 858 3414 genoauioa
881 3342 976 3397 orrares
998 3351 1025 3401 et
1042 3325 1136 3401 δλίλπιιι
1158 3350 1303 3420 principium

208 3445 344 3488 commuue
361 3431 457 3490 babent
473 3430 545 3484 llicb.
1357 3472 1358 3488 ι

273 3539 302 3605 7)
326 3539 467 3610 'inputata
487 3536 558 3606 quod
570 3537 646 3591 codd.
661 3536 775 3590 nonnulli
788 3535 923 3606 praebent,
940 3536 1047 3594 uerbum
1059 3535 1132 3592 idem
1146 3545 1188 3595 ost
1201 3554 1304 3596 consona

208 3622 328 3679 auxiliari
346 3629 458 3679 auctum.
1357 3619 1358 3686 l

273 3721 303 3789 8)
326 3721 414 3777 Sobol.
433 3724 616 3790 iuterpretatur
635 3715 843 3788 ἐμπλεκόμενοι,
863 3717 932 3789 quod
950 3735 1010 3773 curn
1026 3720 1072 3774 illo
1090 3734 1174 3790 saepe
1195 3737 1303 3778 commu·

208 3806 256 3866 tari
274 3810 361 3873 potest
380 3804 429 3860 sed
446 3820 475 3860 re
494 3804 625 3858 diversum
641 3803 720 3858 valet.
756 3802 786 3855 ln
803 3802 906 3857 Aeliani
923 3805 982 3858 loco
1003 3818 1080 3872 quem
1100 3803 1197 3861 Snidas
1215 3821 1235 3861 s.
1246 3807 1303 3876 Ἑμ·
1357 3839 1358 3860 ι

208 3885 394 3956 πλασσόμενοι
419 3887 494 3944 allent
519 3891 575 3943 τοῖς
600 3886 689 3954 φίλοις
712 3883 933 3954 ίμπλιισσόμενοι
958 3886 1136 3955 ἀπέσφαττον
1158 3889 1252 3948 αὐτοὺς
1274 3889 1305 3948 ὡς
1357 3879 1358 3884 ’

207 3971 368 4039 πολεμίους,
392 3977 418 4025 et
436 3969 614 4036 ἐμπίπτοντες
629 3968 740 4034 intelligi
758 3974 867 4037 possunt
893 3974 920 4024 ei
937 3967 1139 4038 ἐμπλαζόμενα
1163 3974 1303 4040 inmanior,

134 4057 137 4066 ⁴
208 4065 285 4119 qnam
302 4053 520 4120 significationem
537 4051 617 4106 verbo
637 4049 805 4120 Thucydideo
826 4052 915 4106 tribuit
934 4052 984 4107 llio
1003 4051 1120 4108 Cassius.
1357 4044 1358 4060 ¹
