2770 4992
216 275 269 344 DE
289 277 384 343 MUT.
406 275 565 346 rnmptnt
587 275 739 344 causta.
767 275 800 344 C.
816 277 852 343 11.
881 284 911 353 §-
927 276 976 345 14.
1109 278 1154 346 52

61 443 156 526 poldon,
177 440 206 509 ολ
226 437 260 507 δὲ
272 437 502 526 ‘munionem
528 435 613 506 otei
633 436 781 525 ὄμφακες,
809 433 890 506 old'
911 435 1061 506 olonnam
1077 442 1153 508 Phi-

61 544 133 608 lostr.
152 543 252 607 loonu.
273 541 312 606 ll.
337 543 383 608 tr.
406 541 487 606 uude
508 541 561 623 qui
583 541 741 622 eleganter
761 540 847 622 loqui
868 545 982 624 amant,
1001 541 1152 622 multipli-

62 659 105 706 ces
124 640 336 706 similitudines
358 641 487 706 ducunt:
528 634 629 721 ὥςπερ
654 635 704 704 erl
730 638 828 719 συκῆς
847 637 973 720 πρῶτον
992 634 1050 721 μέν
1068 635 1152 705 ἐστιν

59 735 184 819 dicolos,
206 733 272 803 εἶτα
292 734 406 822 φήληξ,
428 739 537 816 σῦκον,
560 733 663 820 ἰσχάς,
682 732 766 802 οὕτω
783 738 909 818 πρῶτον
927 730 1017 821 ὀργή,
1038 734 1151 828 θυμόςν

57 835 146 919 χόλος,
172 835 278 916 κότος,
306 839 399 922 μῆνις
423 836 528 904 Schol.
550 837 583 900 lt
603 837 624 902 l.
645 838 672 903 1.
699 832 819 920 ὅμφαξ,
849 835 1006 920 σταφυλή,
1028 840 1149 922 σταφλςς

56 932 140 1000 πάντα
163 938 330 1020 μεταβολαί
354 938 394 1001 Μ.
421 937 536 1002 Aulon
563 936 613 1002 Xl
641 935 690 1000 35.
717 936 817 1016 Epict.
845 937 928 1004 Iliso.
957 937 1007 1002 lll
1027 938 1147 1021 thot.

55 1036 130 1102 luth
150 1037 182 1100 ll.
203 1037 275 1102 304.
325 1035 393 1100 lam
421 1033 588 1116 explanata
616 1035 698 1098 omui
724 1035 817 1116 hujus
845 1035 969 1115 generis
996 1038 1148 1107 varietate

56 1133 233 1199 considerare
261 1135 341 1200 libet
369 1150 520 1216 quaenam
542 1135 570 1198 ei
592 1135 710 1200 formae
732 1151 801 1198 cum
822 1135 1036 1215 superioribus
1058 1153 1147 1202 oom-

53 1249 142 1298 muoes
168 1234 239 1298 siut.
283 1235 419 1302 Primum
445 1235 538 1316 igitur
566 1239 696 1313 apparet
724 1232 893 1316 uocabula,
921 1234 1032 1315 quibus
1056 1250 1146 1302 cres-

53 1331 126 1394 cendi
146 1333 230 1396 uices
261 1332 500 1428 ademptantur,
527 1339 652 1412 praeter
672 1325 814 1414 σταφυλή
836 1338 867 1396 et
887 1332 1014 1414 παφλς,
1045 1335 1147 1401 omnia

52 1429 198 1512 nconjuga
224 1449 322 1516 esse,
349 1433 547 1498 animantium
573 1448 648 1496 vero
677 1429 781 1512 pullos
801 1445 1021 1513 nonuunquam
1046 1449 1146 1514 apa-

52 1529 171 1593 rentibus
193 1528 396 1614 denominari,
418 1525 540 1612 ἄρκιλοι
558 1523 598 1593 τὰ
617 1529 682 1594 cciv
697 1525 802 1611 ἄρκων
820 1523 943 1609 νεογνά,
966 1533 1054 1611 crpus
1077 1531 1146 1610 lore

51 1642 90 1688 ma
112 1627 222 1708 ahquid
253 1630 355 1696 simile
383 1629 478 1697 hahet
507 1628 718 1711 deminutivis,
757 1634 893 1694 ceterum
920 1628 1062 1695 solitaria
1096 1637 1145 1702 est

53 1724 206 1791 abundante
239 1730 335 1810 copia
369 1745 475 1794 eorum
509 1746 589 1809 quae
624 1735 729 1808 typum
758 1728 1002 1806 patronymicum
1030 1727 1144 1794 habent

51 1815 181 1902 λετιὸεύς,
208 1823 369 1906 herocleos,
397 1823 601 1910 nopdandate
621 1833 678 1890 oto.
701 1841 793 1905 quao-
807 1825 1035 1906 Aristophanes
1055 1827 1143 1894 Eust.

53 1921 127 2008 iili,
141 1926 187 1992 46.
210 1944 281 1992 cum
304 1923 430 2008 doulos
452 1927 583 2006 aliisque
605 1924 752 2005 idiotppis
776 1931 953 2002 congregat.
997 1923 1140 1990 Secundo

51 2036 105 2086 eum
123 2027 297 2093 nominihus
318 2027 509 2093 affinitatium
529 2025 797 2106 apraepositione
814 2019 1144 2102 compestilentem.

52 2139 97 2193 coe
115 2130 167 2188 etc.
188 2126 366 2206 comparari
380 2131 486 2206 potest
499 2116 782 2206 homoousianorum
796 2117 883 2202 αἰγός
899 2121 1032 2201 Hesych.
1062 2123 1143 2206 Ter.-¹

53 2218 86 2280 tio
104 2219 168 2286 loco
190 2223 392 2288 memoranda
413 2229 485 2286 sunt
507 2223 683 2304 parathesis
699 2220 849 2302 exempla.
885 2219 1045 2294 Quomodo
1060 2220 1140 2285 enim

53 2331 129 2382 serus
156 2320 405 2386 discriminantur
433 2322 580 2400 appositu
609 2321 830 2401 adjectivorum
858 2313 957 2400 ἅρσην
979 2324 1009 2382 et
1028 2318 1139 2400 θῆλυς,

52 2415 87 2476 sic
105 2425 226 2504 aetates,
249 2437 331 2502 quae
352 2421 480 2500 proprio
503 2420 627 2483 nomine
647 2420 818 2483 instructae
837 2436 901 2483 nou
917 2425 998 2501 sunt,
1020 2420 1144 2482 extrin-.

53 2527 127 2578 secus
153 2516 343 2584 deliniuntur.
377 2519 475 2582 Varro
504 2517 602 2582 dell.
630 2518 664 2582 n.
692 2518 727 2582 ll.
755 2517 783 2584 5.
811 2520 846 2582 in
875 2517 992 2582 poento
1021 2535 1138 2598 ponere

53 2615 152 2678 colotis
171 2619 295 2696 prades
318 2618 466 2682 denotor
487 2621 636 2698 quotuor,
656 2619 763 2697 prima
784 2616 967 2695 vitulorum,
994 2617 1138 2681 secondo

49 2709 249 2798 juvencorum,
290 2720 389 2782 tertio
422 2716 518 2781 dcem
551 2715 765 2794 novellorum,
800 2717 919 2795 qeortc
947 2715 1136 2784 aetolorum.

53 2805 189 2879 Postremo
218 2815 304 2898 quod
333 2831 429 2896 supra
450 2821 480 2888 §-
501 2813 530 2878 3.
560 2830 623 2877 uon
644 2814 712 2878 siue
733 2813 940 2876 haesitatione
961 2815 1053 2894 posui
1077 2829 1137 2895 ap-

54 2909 195 2982 positionis
222 2914 397 2994 exemptum
424 2911 473 2989 αἲξ
493 2909 606 2996 τράγος
626 2929 739 2977 nomen
760 2907 883 2993 γενικόν
905 2911 1009 2978 addito
1033 2911 1137 2999 ulduno

53 2999 99 3066 hoc
117 3015 160 3072 est
180 3015 257 3077 certi
279 3030 375 3078 sexus
397 3012 606 3092 appellatione
628 3012 804 3076 accuratius
817 3009 1050 3074 determinatum
1064 3028 1137 3076 esso

55 3106 222 3196 suspicatus,
245 3113 353 3193 specie
374 3127 431 3192 par
453 3117 502 3174 est
523 3109 576 3174 illa
599 3113 712 3174 aetatis
735 3108 952 3190 significandae
974 3110 1053 3172 ratio
1076 3127 1137 3190 qua

54 3197 255 3287 Aristophanes
286 3228 362 3274 usus
390 3209 510 3273 videtur
536 3212 612 3274 hvu.
636 3209 724 3275 1555.
746 3203 883 3292 κάμηλος
909 3201 1024 3289 cipedo,
1054 3208 1137 3290 quod

54 3299 126 3366 uobis
139 3305 234 3374 dicere
249 3310 323 3374 licet
335 3308 575 3392 linoteotlomm²
595 3310 677 3372 siout
690 3307 818 3371 dicimus
832 3306 1019 3372 Hirschlnld
1037 3309 1137 3372 simil-

54 3392 135 3466 limum
152 3409 334 3486 graecanico
356 3403 522 3490 λαφιμόσχι
537 3413 567 3470 et
582 3405 839 3489 aliahujusmodi‚
861 3403 921 3468 duo
945 3404 1136 3472 diversorum

57 3498 200 3570 cimanum
220 3508 348 3571 uomina
368 3508 412 3569 ita
434 3505 617 3586 copulantes
644 3512 678 3570 ut
699 3521 760 3568 uuo
782 3521 896 3586 gemus,
925 3502 1023 3567 altero
1046 3512 1153 3568 aeta-‘

56 3597 101 3660 lon
124 3603 332 3684 significemus.
383 3604 445 3670 Sed
473 3607 535 3669 ista
566 3612 668 3669 tamen
695 3603 916 3684 Aristophanis
945 3605 1045 3667 oratio
1070 3611 1136 3668 tota

57 3689 151 3764 ludicra
171 3706 349 3786 aculeisque
377 3703 490 3768 abditis
511 3704 555 3766 ita
576 3703 725 3785 perplexa
747 3707 795 3765 est
817 3708 850 3763 ut
875 3702 936 3765 vim
967 3704 1136 3766 testimonii

57 3788 192 3868 imminuat.
235 3803 390 3868 Interdum
417 3820 492 3867 vero
522 3800 631 3867 Graeci
660 3801 802 3865 amimalia
829 3802 860 3864 im
889 3806 974 3864 certo
1003 3801 1136 3883 quodam

60 3898 146 3962 aetatis
158 3901 253 3982 gradu
275 3903 445 3966 constituta
462 3899 500 3964 ab
516 3900 585 3964 aliis
603 3901 822 3980 cognominant
840 3900 1032 3984 animalibus,
1054 3917 1136 3982 quo-

60 4001 108 4056 lln
131 3998 165 4064 ad
188 4001 428 4083 magnitudinem
458 4000 609 4065 accedunt
642 4006 676 4063 ut
702 3997 830 4082 μοσχλας
856 3991 875 4061 ὁ
901 3994 1018 4081 τριέτης
1050 3993 1137 4078 κριός
1194 4006 1198 4016 “

59 4085 124 4159 lust.
148 4099 232 4185 1627,
263 4102 311 4170 17.
340 4101 388 4166 cui
417 4100 517 4166 simile
543 4099 717 4181 Hesychius
746 4097 866 4182 protero
895 4094 1001 4172 Λάδας
1021 4093 1137 4183 ἔλαφος
