2758 4994
242 293 294 358 DE
316 289 536 359 NOMINIBUS
556 291 598 357 tlt
618 289 916 376 armorumue.
945 302 975 371 §.
987 297 1017 362 4.
1102 291 1179 364 ’267

43 458 235 540 paragogis
261 453 489 522 similitudinem
518 457 713 522 Grammatici
742 473 781 522 ex
808 460 904 523 cortis
935 455 1084 543 simplicis
1107 463 1177 526 latr*-x

42 575 131 621 mae
163 557 313 637 exemplis
337 556 515 636 judicarunt
535 557 671 638 incerta,
699 572 823 638 uuoque
849 564 950 622 tractu
972 561 1074 623 omuia
1095 575 1175 642 quac

41 657 81 718 iu
106 641 193 738 epp—‘pc
215 655 367 739 excidunt,
390 671 517 730 numero
536 659 714 735 junctorum
738 655 944 741 excluserunt,
965 658 1050 722 velut
1070 659 1174 724 llero‘-

42 754 176 819 dianus
197 754 238 818 ad
258 755 291 818 ll.
312 755 362 818 ΙΙΙ.
382 749 630 848 31Μαθήρης
646 749 942 835 προπαροξτπόνυς·
963 753 1025 820 ἔστι
1037 755 1173 839 papate*

42 849 190 936 eareat
219 846 240 935 ἡ
271 847 324 915 διὰ
348 854 406 916 τοῦ
427 875 504 936 roca
524 847 544 934 l
565 847 739 934 emetat,
762 850 901 936 totae,
924 848 1077 940 tanatos,
1107 861 1173 920 oca

42 948 182 1036 μήρης·
210 949 302 1016 ἔνθεν
321 949 375 1014 παὶ
393 947 430 1014 τὸ
450 953 629 1033 θυμῆρες
652 948 857 1033 κεράσασα
872 953 941 1035 (ou.
963 953 1001 1020 X.·
1020 956 1103 1038 362.)
1131 955 1173 1020 Εἰ

42 1048 170 1134 μέντοι
190 1047 314 1132 τὸνὸιροι
338 1047 483 1132 mcccc,
505 1047 558 1114 αα)
579 1046 631 1113 διὰ
650 1053 709 1114 τοῦ
730 1062 752 1114 o
772 1045 791 1134 ἡ
814 1049 959 1127 σύνθεσις
979 1049 1101 1136 γένοιτο
1117 1052 1173 1120 act

44 1146 148 1228 ὀξεῖα
162 1147 248 1225 τάσις
265 1146 349 1214 ἐστὶν
368 1145 718 1232 ἄλοχονθυμαρέα
739 1151 785 1228 (ll.
801 1151 851 1215 IX.
868 1151 952 1234 336.)
969 1154 1003 1217 ln
1017 1154 1171 1220 hisatium

45 1257 182 1315 certum
205 1257 254 1314 est
275 1249 481 1330 simplicitatis
504 1249 674 1330 exemplum
696 1250 752 1315 scd
773 1267 836 1314 uou
857 1251 1044 1316 homericum
1064 1245 1172 1336 ὅσιαι)-

44 1371 130 1432 ρης,
157 1348 331 1428 σπαίροντα
353 1343 486 1430 ξιφήρης
505 1354 536 1412 et
555 1348 710 1430 θυμῆρες,
738 1348 823 1430 quod
844 1356 874 1414 et
896 1367 952 1432 pro
974 1348 1171 1432 θυμάρεοιου

47 1448 166 1530 accipi
194 1453 300 1528 potest
326 1462 364 1508 ao
385 1461 424 1510 uo
452 1447 491 1510 ab
514 1447 655 1512 omuibus
678 1447 800 1528 quidam
821 1464 882 1512 uuo
904 1448 997 1514 modo
1020 1453 1171 1532 scriptum

49 1553 129 1626 est;
162 1543 267 1608 Sohol.
290 1543 330 1608 ad
351 1543 407 1610 0d.
431 1545 449 1610 l.
472 1562 498 1610 o.
519 1547 658 1628 θυμῆρες
679 1548 929 1629 προπερισπᾶται,
951 1542 988 1612 τὸ
1008 1545 1042 1612 δὲ
1062 1554 1171 1632 θυμοί·-

50 1639 109 1724 ρές
142 1635 314 1720 ὀξυτόνως·
338 1640 490 1726 γράφεται
514 1641 574 1726 γὰρ
601 1639 777 1726 ἀμφότερα,
814 1647 874 1710 nisi
895 1647 955 1710 hoe
975 1649 1109 1728 pertinet
1131 1647 1170 1715 ad

50 1745 195 1807 altorum
222 1744 393 1824 exemplum
421 1743 476 1810 0d.
497 1743 587 1808 XVll.
611 1743 678 1808 199.
706 1745 790 1826 quod
819 1753 941 1826 spectat
968 1747 1038 1811 Seli.
1063 1748 1096 1810 ll.
1119 1747 1169 1811 lll.

52 1843 133 1908 336.
160 1837 276 1922 ἄλοχον
295 1838 439 1924 θυμαρέα
459 1879 501 1890 -·
520 1843 558 1925 τῇ
578 1836 874 1928 ψυχῇάρέσαουσα,
903 1842 1063 1928 θυμήρης*
1092 1843 1172 1910 σύνὲ

52 1946 160 2006 θετον
184 1935 219 2004 δέ
246 1937 311 2004 ἐστι
336 1935 421 2022 παρὰ
450 1935 486 2004 τὸ
520 1938 587 2024 ἄρα
615 1938 761 2026 θυμᾶρας
790 1940 841 2006 καὶ
867 1940 972 2018 οὕτως
997 1937 1173 2026 ἀνέγνωμεν

54 2043 266 2136 σκῆπ-τρον
284 2036 465 2122 θυμαρὲς
486 2039 556 2120 (06.
578 2040 597 2104 Ι.
621 2042 661 2122 o.)
683 2035 723 2106 οὐ
743 2038 802 2124 γάρ
828 2037 890 2104 ἐστι
909 2037 1100 2125 παρώνυμον
1118 2039 1172 2110 &a

55 2144 120 2206 τοῦ
142 2159 237 2224 appas·
257 2135 296 2203 τὰ
315 2136 374 2221 γὰρ
394 2142 524 2204 τοιαῦτα
543 2135 718 2222 βαρύνεται,
741 2136 887 2222 ξιφήρης,
909 2135 1068 2224 ὀλιγι)ρης,
1091 2143 1172 2208 uude

58 2241 253 2322 perspicitur
276 2239 336 2304 duo
358 2239 412 2302 illa
431 2236 577 2322 θυμήρης
598 2247 629 2304 et
649 2235 794 2323 θυμάρης
815 2246 867 2302 aut
888 2240 926 2303 alt
949 2241 1011 2304 alio
1030 2241 1173 2306 diuersae

59 2341 241 2406 sentcntiae
262 2346 391 2404 auctore
412 2342 553 2421 prolecta
574 2347 624 2404 aut
647 2339 795 2404 mendose
817 2340 934 2419 scripta
955 2357 1027 2404 csso
1042 2358 1099 2422 pro
1114 2343 1173 2404 θυ-

59 2436 211 2522 μοιρής.31
233 2438 327 2521 Ergo,
349 2440 493 2519 quoniam
514 2455 578 2502 uou
599 2439 745 2503 credibile
759 2437 920 2502 videbatur
937 2445 1062 2520 poetam
1081 2455 1172 2505 uuam

59 2557 175 2604 vocem
196 2554 279 2601 nuuc
300 2554 356 2617 per
377 2537 469 2618 alplra
489 2539 649 2621 extulisse,
671 2555 751 2601 uuuo
772 2554 828 2619 por
844 2544 903 2620 eta,
924 2533 1071 2620 θυμαρής
1091 2554 1173 2602 cou-

57 2643 203 2720 J'uuotum
226 2653 297 2700 esse
317 2642 507 2720 statuerunt,
533 2635 678 2718 θυμήρης
699 2653 887 2717 paragogum
908 2643 1036 2718 propter
1058 2652 1174 2702 aooeu·

62 2746 143 2823 tum,
175 2752 265 2819 quem
288 2736 315 2798 si
336 2735 442 2800 ultima
463 2736 591 2800 liaberet
613 2735 743 2818 syllaba,
765 2735 854 2798 alteri
876 2735 1065 2817 adscriptum
1086 2745 1173 2802 esset

62 2839 173 2918 generi
194 2843 229 2899 ut
249 2841 335 2916 patet
356 2853 395 2899 ox
414 2836 481 2900 EM.
499 2835 567 2916 122,
589 2834 618 2898 l.
641 2834 739 2898 Cram.
759 2834 781 2898 l.
796 2835 845 2899 et.
868 2827 991 2918 ιἰπηρής
1009 2831 1094 2917 παρὰ
1114 2831 1173 2919 τὴν

63 2930 147 3019 ἀράν
175 2930 234 3018 τὴν
260 2928 377 3016 βλάβην
405 2929 530 3016 ι’)παρὰ
549 2927 585 2996 τὸ
606 2929 712 3016 πηρός.
750 2926 797 2996 Οὐ
818 2930 877 3014 γάρ
904 2929 967 2996 ἐστι
992 2936 1050 2997 τοῦ
1070 2931 1172 2998 τύπου

64 3038 127 3100 τῶν
154 3033 199 3108 εἰς
219 3020 311 3117 pff,
333 3031 397 3098 ἐπεὶ
416 3029 581 3117 ἐβαρύνετο
595 3027 644 3096 ἄν.
673 3031 850 3113 Eodemque
870 3032 1062 3097 referendum
1077 3027 1173 3116 Ὁμα-

64 3131 112 3216 ρὲς
135 3131 312 3216 σύμφωνον
332 3135 404 3198 lles.
434 3133 496 3198 Sed
511 3132 586 3195 illud
608 3127 740 3213 απηρός
759 3133 964 3213 compositum
986 3135 1119 3198 arbitror
1139 3143 1173 3199 ut

66 3236 206 3300 doricum
228 3226 344 3315 ἀπαρές
363 3228 454 3316 ὑγιής
468 3233 539 3296 llas.
550 3228 578 3271 ³²
598 3229 703 3312 Usque
718 3229 817 3294 aditio
829 3231 904 3294 uihil
918 3231 1172 3312 deprehendimus

66 3335 193 3416 regulae
210 3334 405 3397 contrarium.
435 3332 501 3396 Neo
521 3329 647 3393 multum
670 3329 763 3393 officit
781 3323 933 3412 Ἠχθηρές
945 3327 1085 3414 λυπηρόν
1098 3333 1171 3396 Hes.

67 3439 157 3516 cujus
180 3433 364 3513 significatio
385 3432 592 3513 paragogioae
613 3431 722 3494 similis
745 3428 800 3494 sed
815 3431 968 3510 scriptura
981 3432 1100 3496 incerta
1113 3439 1172 3515 est,

132 3698 181 3766 31)
200 3697 300 3754 Pariter
317 3696 418 3752 turbata
435 3695 568 3765 Apollonii
589 3695 670 3752 verba
694 3697 825 3768 Θυμαρέα
849 3691 1026 3765 θυμάρεστον
1052 3696 1099 3748 καὶ
1122 3700 1170 3750 eo·

69 3782 154 3852 μῆρες
171 3779 202 3834 τὸ
221 3779 339 3851 ἀρέσκον
355 3782 388 3850 τῇ
405 3781 493 3850 ψυχῇ.

134 3887 181 3956 32)
203 3887 253 3941 Pro
267 3885 394 3958 Ἀντάρης
411 3890 531 3956 νυκτερίς
548 3887 630 3952 ὄψεσι
648 3887 792 3956 Σοφοκλῆς
809 3887 883 3942 said.
902 3884 1047 3940 llllcudtius
1064 3885 1091 3937 in
1106 3883 1169 3940 Lex.

70 3976 89 4028 l.
109 3975 167 4031 rto,
195 3968 311 4040 ἀντήρης
326 3970 429 4039 scribit,
453 3972 515 4040 qula
532 3971 633 4038 Tragici
651 3971 713 4025 talia
730 3985 781 4026 uou
799 3972 900 4027 soleant
919 3969 1008 4024 dorice
1027 3967 1169 4036 appellare.

71 4060 150 4116 Poeta
168 4057 280 4112 fortasse
298 4052 426 4123 ἀμπαρής
445 4056 533 4123 posuit
548 4053 577 4107 id
598 4059 638 4110 est
655 4053 795 4126 ἄναπηρῆς
818 4057 875 4109 sive
893 4051 1044 4121 ἀνάπηρος,
1069 4067 1170 4110 couve-

72 4144 144 4200 uieus
161 4139 344 4210 vespertilioni
362 4139 512 4207 epithetum
529 4137 657 4208 σμπηρον
671 4140 868 4209 πεπηρωμένον
883 4135 945 4194 lles.
