2788 4986
188 313 287 402 Δνιιι
390 303 406 320 ’·
582 305 975 374 rnnnnnvro.

220 485 356 570 superat
381 481 461 549 artis
484 478 632 548 lubricae
660 485 693 548 et
718 479 848 550 fallacis
874 479 1007 567 legibus
1040 476 1252 568 laudandae,
1286 475 1320 546 id

219 616 285 686 ego
310 614 380 667 non
405 597 473 664 alia
497 599 625 667 ratione
652 595 740 666 ellici
776 609 881 684 posse
907 597 1047 667 arbitror
1073 615 1172 686 quam
1199 597 1228 664 si
1255 612 1320 664 cu-

214 719 340 804 jusquo
374 715 508 801 generis
541 713 693 801 exempla
726 731 794 783 non
818 715 881 782 tria
907 719 1088 802 quatuorve
1116 711 1178 782 sed
1205 730 1320 799 quan-

219 841 287 902 tum
314 832 384 900 lieri
409 809 530 918 potest
546 833 657 901 omnia
681 830 735 900 vel
768 835 858 900 certe
889 832 1029 919 plurima
1053 833 1087 899 in
1113 849 1214 900 unum
1241 829 1319 899 col-

219 952 289 1021 lata
313 950 444 1042 luerint,
470 967 539 1018 non
565 967 632 1036 quo
657 966 787 1036 sperem
820 948 884 1018 hao
912 951 967 1018 via
1000 951 1034 1017 in
1067 948 1149 1018 illud
1176 949 1320 1018 sublimo

214 1071 332 1156 Jugum
360 1065 499 1136 ascendi
524 1083 629 1154 posse
654 1064 744 1134 unde
771 1067 935 1135 sermonis
962 1068 1077 1152 graeci
1095 1069 1319 1153 scaturigines

217 1189 360 1256 emicant
385 1184 447 1254 scd
472 1189 510 1253 nt
535 1202 577 1253 eo
604 1183 722 1254 saltem
746 1181 948 1270 procedatur
974 1201 1041 1272 quo
1068 1186 1214 1271 aspirare
1234 1201 1318 1272 per-

216 1305 353 1373 missum
380 1307 440 1372 est.

315 1451 561 1521 Vocabulorum
595 1469 682 1538 quae
714 1453 851 1519 tractavi
889 1455 994 1520 testes
1035 1451 1217 1543 locosque,
1259 1455 1319 1539 qui

217 1589 236 1640 e
268 1569 400 1646 Lexicis
434 1573 466 1637 ct
492 1565 661 1637 lodicibus
696 1571 859 1655 cognosci
884 1574 1038 1660 possunt,
1064 1568 1213 1637 brevitati
1236 1586 1316 1637 ser-

214 1689 310 1756 viens
337 1703 406 1754 non
431 1687 599 1754 nominavi
623 1689 689 1755 nisi
716 1690 744 1755 si
766 1685 809 1755 ad
837 1684 1080 1772 designandam
1104 1687 1157 1756 vel
1172 1692 1318 1755 aetatem

213 1803 268 1872 vel
295 1808 420 1872 sectam
455 1808 623 1872 auctorum
649 1804 877 1872 necessarium
903 1803 980 1895 luit,
1008 1811 1041 1873 et
1065 1805 1099 1872 in
1123 1806 1316 1873 universum

215 1919 336 1990 sedulo
364 1922 435 1989 cavi
461 1939 504 1989 ne
530 1923 564 1990 in
587 1923 731 2007 vestigia
755 1922 830 1989 trita
854 1923 1063 1990 incurrerem.
1113 1919 1195 1990 ldeo
1212 1940 1315 2009 quum

212 2036 274 2106 has
309 2033 613 2129 dissertationes*]
640 2041 778 2126 primum
806 2036 956 2128 ederem,
981 2038 1187 2107 Thesaurum
1213 2039 1312 2107 Pari-

212 2157 358 2225 sicnscm
385 2154 561 2242 diligenter
585 2158 726 2250 inspexi,
753 2154 865 2246 quoad
894 2154 1026 2245 quidem
1052 2158 1139 2245 typis
1168 2173 1313 2244 expres-

211 2290 270 2341 sus
298 2278 379 2364 orat,
405 2278 438 2342 et
461 2290 700 2360 nonnunquam
727 2292 813 2362 quae
846 2275 880 2342 in
906 2291 948 2344 co
973 2277 1208 2361 praetermissa
1234 2281 1315 2344 sunt

212 2388 377 2458 adnotavi.
435 2388 578 2459 Nomina
611 2390 811 2460 Graecorum
843 2388 1012 2459 hominum
1043 2395 1177 2480 propria
1213 2401 1246 2462 et
1281 2397 1311 2462 si

210 2525 253 2576 ea
278 2505 440 2575 deessent
463 2509 640 2594 peregrina
666 2505 829 2576 interdum
856 2510 1009 2595 apposita
1037 2513 1112 2578 sunt
1137 2528 1206 2579 non
1223 2529 1310 2598 pro-

207 2629 281 2712 pter
307 2641 344 2693 sc
372 2621 434 2692 sed
460 2622 650 2693 adminiculi
683 2641 795 2693 causa.
853 2623 907 2693 Ad
939 2625 1086 2694 ultimum
1120 2630 1197 2697 soiri
1228 2629 1309 2699 volo
1392 2655 1393 2684 r

208 2745 388 2808 extremam
428 2739 505 2810 huic
542 2740 627 2810 libro
664 2759 797 2810 manum
837 2747 965 2811 aestate
1007 2745 1188 2829 superioris
1229 2750 1309 2815 anni

205 2859 394 2945 impositam
421 2875 508 2927 esse.
560 2857 682 2928 Postea
709 2876 796 2946 quos
822 2862 938 2948 accepi
964 2859 1085 2951 libros,
1111 2862 1203 2930 velut
1238 2860 1307 2932 duo

205 2973 363 3044 Meineliii
388 2978 591 3046 novissimos
608 2975 814 3064 eosdemque
830 2978 1025 3071 uberrimoS,
1053 2977 1096 3047 ad
1113 2997 1180 3047 rem
1197 2998 1307 3050 meam

207 3091 359 3162 conterre
392 3112 461 3163 non
493 3097 586 3183 potui
626 3097 692 3163 nisi
723 3096 757 3162 in
797 3093 983 3164 Addendis.
1041 3094 1134 3164 Haec
1166 3115 1306 3166 numero

204 3227 314 3298 pauca
346 3216 441 3303 sunt,
476 3210 538 3281 sed
565 3211 811 3300 amplificabant
836 3211 893 3280 alii
917 3212 1143 3300 tessellasque
1170 3219 1305 3284 nostras
1390 3289 1391 3296 ἵ

205 3324 249 3396 ad
281 3327 415 3398 modum
448 3330 566 3397 musivi
600 3332 710 3430 operis
745 3327 923 3400 artificiose
958 3336 1165 3418 component.
1224 3331 1306 3402 Mihi

285 3634 323 3714 ¹¹)
345 3642 394 3704 Sic
415 3643 575 3704 inscribere
596 3644 681 3704 malui
703 3659 787 3719 quom
800 3643 1016 3721 disputationes,
1040 3651 1106 3723 quia
1120 3648 1175 3709 boc
1188 3654 1304 3710 nomine

201 3746 317 3820 saepius
349 3759 416 3802 usus
442 3759 503 3802 sum
535 3743 680 3803 intellectu
716 3741 841 3802 diverso.
892 3745 928 3804 Et
957 3746 1026 3806 alibi
1059 3751 1149 3807 minus
1181 3749 1303 3825 probata

200 3841 323 3918 praetuli
342 3844 433 3902 minus
454 3844 615 3919 perspicuis
637 3844 666 3902 et
687 3843 778 3900 minus
800 3845 875 3902 tritis
895 3847 926 3903 ut
946 3844 1087 3905 interdum
1109 3823 1234 3924 reputas
1253 3849 1303 3909 di-

200 3957 268 4001 cere
290 3944 405 4000 coactus
426 3956 487 3999 sum
508 3941 655 4018 pluraliter
677 3942 706 4000 el
723 3941 917 4016 praefinitum
929 3959 981 4019 pro
995 3934 1232 4021 παραληγόμενον
1244 3954 1299 4009 eto,

197 4040 260 4100 Alia
284 4038 423 4115 quaedam
444 4045 595 4101 mutassem
616 4045 640 4100 si
662 4039 854 4115 typographus
875 4043 903 4099 in
918 4047 1078 4121 propinquo
1097 4049 1126 4106 ct
1139 4049 1301 4123 corrigendi

198 4144 309 4215 tempus
330 4139 439 4198 luisset.
