2750 4994
232 270 298 340 186
589 263 913 332 nissnnnanio
942 265 991 331 iv,

230 438 370 517 vocatur,
391 435 558 518 positione.
608 424 716 512 Πνρὸς
744 429 880 504 σιιανλας
906 427 960 495 καὶ
985 433 1150 512 κριθανλας
1179 434 1335 517 Theophr.

231 535 309 599 ilist.
331 531 406 599 vili.
427 533 457 617 2,
478 533 507 598 3.
528 533 556 596 si
578 531 647 612 quis
668 537 827 610 comparat
848 546 917 598 anm
937 526 1124 613 πνράμινος,
1155 537 1244 613 enjus
1278 552 1335 598 se-

232 634 332 699 annda
352 633 466 715 brevis,
487 636 518 694 οι
537 624 731 711 mandamns,
754 629 969 694 choriambicis
996 630 1215 696 adnumerabii.
1260 637 1334 716 Ση-

230 728 335 806 edema
356 731 405 796 vel
427 730 564 794 doricum
584 722 729 802 σατάνιος
751 728 769 792 i.
791 745 820 808 q.
845 724 967 810 νητινός
994 731 1040 794 sie
1067 731 1334 811 pronunciandum

230 839 264 897 nl
285 835 480 911 conjugatam
501 821 673 912 ἐπηετανός.
712 827 787 891 llem
808 824 976 906 σαρδάνιος
995 830 1120 894 verbale
1135 839 1166 896 ei
1180 833 1334 896 snbstan-

232 933 295 996 liva
325 923 454 1014 ἦαανλα,
476 926 621 990 λενκανλα
647 932 813 1006 cognatum
842 942 909 990 enm
939 923 1077 1010 λανχάνη
1102 933 1226 1010 γλῶσσα
1257 933 1332 996 lleS.

230 1023 371 1108 ὀπτανλα,
393 1020 552 1105 ὀπτάνιον,
574 1020 755 1108 σαηιιάνιον,
770 1024 880 1104 quibus
894 1027 1004 1090 similia
1016 1027 1156 1093 videnlur
1169 1023 1329 1110 dadilanem,

229 1123 417 1214 γονπάνιον,
439 1118 577 1209 ἠθάνιον
596 1126 628 1188 in
660 1124 754 1188 ioniei
780 1123 943 1202 scriptoris
972 1125 1043 1191 loen
1071 1129 1181 1193 Athen.
1201 1129 1273 1194 470.
1296 1131 1330 1194 D.

230 1245 293 1294 non
315 1219 450 1310 ἠθάνιον
470 1232 504 1289 nt
525 1243 573 1306 ap.
594 1222 727 1302 Hesynh.
749 1222 897 1302 scriplum
920 1230 969 1288 esi
989 1225 1145 1308 mendose,
1162 1236 1249 1310 pulo,
1272 1245 1328 1309 pro

198 1313 201 1324 ’
228 1321 418 1412 dilaniatae,
447 1329 477 1388 el
500 1321 560 1388 alio
583 1322 654 1386 leno
675 1315 848 1405 σκηαάνιον
868 1339 925 1403 pro
946 1321 1126 1407 σκηπάνιον,
1149 1343 1208 1390 neo
1230 1326 1330 1390 dissi-

229 1425 312 1492 milia
337 1418 509 1506 λωγάνιον,
539 1415 708 1500 σωσάνιον,
737 1414 973 1486 ἀποθυστάνιον
1003 1431 1061 1489 ολο.
1091 1441 1220 1506 quornm
1247 1427 1329 1489 ratio

228 1541 293 1590 non
314 1528 447 1588 eonstal.
489 1515 677 1602 Κνροάνιος,
698 1519 782 1600 qnod
803 1537 822 1583 a
843 1515 937 1600 κόρος
958 1520 1126 1587 derivatum
1146 1522 1283 1587 ereditur
1297 1532 1329 1586 nt

228 1623 359 1706 κυρσλον
379 1615 415 1686 τὸ
435 1615 593 1706 μειράκιον
611 1620 684 1684 Hes,
706 1619 843 1683 eominus
865 1620 973 1684 extulit
984 1623 1222 1702 antepenultima
1231 1623 1329 1704 brevi,

228 1717 393 1796 λνσσάνιος
412 1737 486 1785 vero
505 1720 617 1800 longa3
638 1713 793 1800 θηγάνεος
813 1724 844 1782 el
861 1714 1029 1799 καγνάνεος
1048 1723 1074 1784 si
1088 1738 1221 1802 nnqnam
1236 1721 1328 1812 dicia,
1364 1707 1365 1712 ’

229 1827 314 1888 nerle
336 1821 429 1902 elymi
449 1835 625 1884 mensnram
646 1822 778 1898 sequuta
800 1824 888 1899 ενοι,
911 1819 1021 1898 quibus
1043 1819 1162 1884 accedit
1189 1815 1328 1902 αι’νανέη,

229 1920 312 2004 qnod
333 1920 450 1986 Coraes
473 1916 511 1983 ad
532 1918 610 1982 Plnt.
635 1916 667 1981 T.
688 1916 722 1980 V.
744 1916 814 1981 343.
836 1917 875 1980 ab
902 1910 964 1998 άκή
992 1927 1194 1999 propagatum
1221 1927 1330 1985 censet

228 2028 262 2086 nt
281 2013 397 2102 άκοοιή
420 2024 451 2084 el
470 2015 553 2100 qnod
573 2014 653 2080 idem
674 2031 713 2079 ex
733 2015 851 2078 novitia
871 2015 1091 2080 consuetudine
1109 2019 1197 2083 alieri
1209 2015 1328 2100 ἄγονον
1364 2053 1365 2058 1

227 2118 329 2186 idest
351 2118 447 2199 spica.
641 2199 724 2211 .-

310 2223 340 2292 5.
362 2215 391 2282 5.
431 2214 563 2280 Nomina
584 2213 617 2276 in
637 2235 724 2288 οινος
744 2215 888 2279 exeuntia
901 2230 979 2295 qnae
1000 2215 1173 2280 femininam
1189 2220 1327 2299 positio-

227 2333 297 2382 nem
325 2331 388 2378 non
408 2313 556 2396 habeant,
584 2312 738 2392 barylana
764 2329 837 2377 esse
863 2312 956 2376 donet
984 2314 1200 2395 Theognasius
1227 2317 1325 2382 Crem.

227 2416 262 2482 ΙΙ.
285 2413 334 2480 66.
355 2411 499 2492 additque
519 2405 639 2474 τούτων
661 2407 694 2474 δὲ
713 2406 752 2474 τά
772 2411 864 2475 niele)
884 2406 1010 2494 γέγονεν
1030 2407 1092 2476 ἀπὸ
1112 2416 1176 2478 τῶν
1196 2411 1251 2479 διὰ
1269 2419 1325 2480 τοῦ
1364 2453 1365 2502 3

226 2499 306 2584 ἆῖιῖά
322 2507 478 2584 Κόλαινος
496 2503 617 2589 κύριον,
636 2505 831 2591 κρύσταινος,
855 2505 989 2586 Alamos
1004 2509 1124 2595 κύριον,
1151 2511 1323 2596 Μύραινος,
1364 2503 1365 2562 7

233 2611 386 2686 Taileanos
399 2602 460 2673 άπὸ
473 2609 531 2672 τοῦ
544 2604 646 2686 τάλας,
663 2609 891 2690 Μακαρλαινος,
908 2607 1322 2697 ΠέρταινοςβῚἈρλοτνινος,
1364 2655 1365 2666 ,

228 2710 367 2784 κέλαινος
387 2702 405 2773 ὁ
426 2701 527 2789 μέλας,
549 2711 637 2788 cnjus
660 2715 807 2772 accentus
821 2708 965 2772 indicium
987 2713 1116 2792 praebet
1136 2716 1267 2784 lacunae
1279 2721 1323 2785 sia

229 2809 399 2894 explendae
413 2801 562 2880 Κάλαινος
583 2801 682 2888 ὄνομα
695 2801 815 2887 κύριον,
837 2804 976 2882 κελαινός
988 2805 1021 2873 de'
1039 2847 1081 2857 -
1093 2831 1150 2895 pro
1165 2835 1226 2898 quo
1244 2820 1322 2901 apud

227 2909 392 2978 Arcadium
403 2926 432 2990 p.
451 2905 499 2972 64.
515 2900 656 2988 μελαινός
668 2907 826 2988 subrepsit
838 2925 866 2970 v.
880 2908 990 2973 Parall.
1003 2928 1032 2991 p.
1046 2911 1113 2976 139.
1138 2915 1227 2990 Quod
1241 2926 1322 2982 ante-

229 3010 310 3078 dedii
327 3001 516 3088 ’Λρλσταινος
537 3005 705 3084 syntneton
731 3005 906 3070 videturne
930 3005 1104 3092 Πάναινος,
1135 3012 1319 3097 Πολύαινος,

230 3102 398 3188 Πρόαινος,
418 3102 571 3177 Φλλαινος.
592 3103 736 3167 Proxima
747 3121 811 3168 non
826 3099 965 3191 expedio,
978 3114 1237 3195 necjnvanlqnae
1252 3118 1320 3180 alibi

227 3197 694 3289 ΙοςοοῑαιΔήραινος,Ἅλαινος
707 3198 914 3279 σι”Αλθαινος
927 3206 1086 3273 fluviorum
1099 3214 1234 3298 nomina,
1249 3215 1319 3278 illud

229 3305 267 3372 ab
285 3299 422 3368 άλάοθαι
435 3308 469 3366 nl
481 3301 663 3365 Enslalhins
680 3302 838 3387 animatur,
859 3305 919 3368 hoe
934 3307 972 3368 ab
988 3299 1147 3374 άλθαλνειν
1158 3312 1224 3376 ΕΜ.
1241 3308 1320 3393 ’inae

226 3425 332 3478 ταινος
350 3396 461 3483 κύριον
478 3401 552 3465 Lex.
575 3400 612 3465 de
636 3402 741 3482 Spiril.
763 3401 834 3466 225.
856 3403 938 3483 qnod
958 3409 1074 3472 reelins
1091 3410 1213 3476 videtur
1234 3431 1319 3494 qnam
1364 3411 1365 3466 ἶ

223 3494 383 3585 Ἠρετενός
396 3499 478 3563 llnvii
491 3515 604 3565 nomen
614 3499 733 3564 Aelian.
746 3499 781 3564 H.
795 3503 832 3565 A.
845 3501 908 3567 llll.
921 3502 982 3568 9.²⁸
1001 3505 1047 3570 Da
1056 3516 1126 3572 ortn
1140 3527 1158 3572 a
1172 3511 1318 3576 femininis

226 3602 318 3668 dudio
341 3597 424 3682 quod
446 3598 519 3662 dicit
539 3615 603 3663 non
625 3598 725 3663 solnm
747 3597 786 3662 ad
807 3595 948 3682 Αέαινος,
976 3601 1136 3688 Τάλαινος,
1158 3607 1320 3696 Μάραινος

226 3757 498 3774 ffl

290 3851 336 3918 27]
359 3849 451 3904 Simile
469 3853 510 3904 esi
525 3850 694 3918 περίπαινος
711 3847 725 3902 ὃ
739 3851 874 3922 περισσῶς
884 3851 1081 3924 ἐπαινούμενος
1091 3858 1171 3915 Psell.
1185 3863 1212 3914 in
1222 3861 1315 3918 Anecd,

224 3933 343 3988 Baisson.
362 3931 391 3986 T.
410 3931 457 3986 lll.
475 3945 500 3985 v.
520 3931 579 3987 ina.

290 4015 337 4082 28)
363 4013 490 4071 Convenit
507 4014 698 4083 quodammodo
716 4014 843 4087 ἐρετάνης
867 4017 980 4085 ναύτης,
1003 4019 1130 4093 lactarem
1153 4027 1248 4090 ἤλαυνε
1272 4025 1317 4090 τὴν
1364 4007 1365 4012 ¹

224 4098 293 4150 ναῦν
312 4097 374 4153 llos.
394 4097 425 4153 ab
444 4096 588 4168 ἐρεταλνιν,
607 4103 679 4167 puin.
