2770 4992
221 270 272 338 aa·
309 361 312 368 Ι
586 268 924 342 ‘nrssnuuauro
949 269 971 336 1.

221 435 291 507 dius
306 430 441 519 moenia
460 432 572 520 φυτόν,
599 430 659 520 τὴν
676 431 712 503 de
730 431 822 502 mileo
841 431 1024 519 ωρύνουσι,
1051 451 1208 518 saepeque
1229 437 1331 502 arbo-

221 538 265 604 ris
284 553 399 604 nomeu
419 537 596 617 berytouen
617 536 779 616 reperitur.
820 535 885 600 Nec
906 535 1054 598 mmutius
1077 540 1125 598 est
1146 535 1230 616 quod
1251 537 1332 600 Plri-

220 633 357 714 loponus
380 633 471 700 tradit
492 653 541 717 ap.
562 635 650 700 Etsi.
676 633 766 716 1530,
789 632 836 700 15.
857 628 973 714 ἐρινεός
990 628 1027 698 τὸ
1045 631 1183 716 δένδρον,
1212 630 1333 716 dolosos

221 728 256 804 di
276 726 297 798 ὅ
313 729 441 814 tuendo.
481 733 546 803 Sed
559 735 690 798 nuxima
703 734 925 798 sententiarum
939 733 1103 800 diversitas
1118 735 1201 798 circa
1217 753 1332 818 amyg-

222 832 313 902 dume
326 849 450 915 nemen,
469 832 554 913 quod
570 833 695 914 Trypho
710 838 740 895 et
760 831 956 916 Pamphylus,
977 834 1005 896 si
1020 835 1150 904 fructum
1166 835 1333 920 significet,

220 925 383 1015 ἀμψδάλη
401 932 497 997 scribi
509 932 627 1016 jubent,
645 934 673 998 si
688 933 831 1000 arborem
844 927 1005 1014 ἀμυγδαλῆ
1027 938 1060 995 ut
1075 930 1162 1014 ῥοδῆ,
1184 934 1331 1000 Aristar-

221 1031 298 1100 edtds
319 1046 394 1096 roro
416 1036 547 1110 utroque
568 1030 728 1098 intellectu
748 1038 839 1100 acuta
856 1031 970 1114 ultima,
991 1030 1177 1096 Philoxenus
1191 1033 1330 1096 circum-

221 1129 315 1208 ducta
340 1127 692 1209 mutuaenutuae
720 1131 936 1196 controuersia
964 1129 1025 1192 lroc
1051 1130 1151 1194 minus
1181 1132 1330 1210 componi

220 1234 327 1312 petest
356 1227 439 1308 quod
462 1227 580 1294 ductus
603 1229 695 1292 etiam
715 1221 736 1310 ἡ
758 1222 1210 1311 pneumatomachorum.
1230 1229 1329 1294 Mero.

221 1325 317 1396 doud.
337 1333 370 1404 d.
384 1326 413 1394 5.
438 1331 470 1392 et
490 1327 618 1406 saepius
638 1319 674 1389 τὸ
696 1318 886 1409 ἀμύγδαλον,
909 1325 947 1390 ud
969 1341 1048 1407 quae
1070 1327 1193 1390 arboris
1212 1344 1330 1392 nomon

220 1418 383 1508 ἀμυγδαλῆ
403 1441 471 1512 eam
493 1427 645 1492 rationem
665 1425 759 1490 habet
780 1443 873 1507 quam
891 1423 979 1507 ῥοδῆ,
999 1419 1095 1507 ppido
1109 1425 1231 1506 udaque
1245 1444 1331 1508 pos-

220 1526 333 1596 sessivi
355 1524 544 1590 characteris
567 1524 708 1605 exempla
730 1524 774 1607 (r.
794 1525 906 1590 Paruit
926 1524 1014 1607 337.)
1033 1522 1072 1591 ed
1093 1525 1247 1605 primitive
1268 1543 1329 1590 sua

220 1617 333 1708 (itidem,
360 1623 469 1706 μῆλον.

303 1730 333 1801 s.
353 1721 383 1790 8.
424 1721 473 1786 Ab
495 1720 557 1785 hoe
577 1723 777 1802 paroupmiee
797 1738 921 1805 genere,
943 1739 1005 1803 qne
1026 1723 1144 1794 tructus
1166 1721 1204 1786 alo
1226 1723 1329 1788 urbo·-

219 1822 305 1888 ribus
326 1821 503 1886 deriuuntur
525 1827 555 1884 et
578 1827 697 1905 centra,
717 1838 780 1886 uon
795 1821 887 1902 longo
903 1820 978 1884 illud
989 1819 1085 1884 disum
1102 1820 1185 1901 quod
1198 1821 1328 1900 planta-

219 1939 286 1988 rum
306 1920 494 1988 differentias
515 1920 750 2003 complectitur,
777 1935 878 2000 neque
907 1927 1008 1982 tarmen
1030 1920 1076 1984 sic
1096 1919 1224 1984 utillud
1245 1922 1328 1984 sim-

218 2020 297 2103 plici.
324 2019 549 2084 terminationis
582 2020 788 2084 conversione
821 2025 946 2082 constat
980 2017 1036 2082 sod
1068 2033 1138 2082 oum
1166 2035 1327 2100 paragoge

218 2120 370 2201 syllabica
391 2122 588 2198 conjunctum
610 2126 668 2201 est,
689 2118 851 2198 simileque
873 2133 989 2201 eorum,
1010 2133 1089 2197 quae
1110 2130 1206 2197 supra
1221 2134 1327 2198 eupo-

218 2221 276 2289 sui.
327 2216 587 2294 Quemadmodum
614 2219 694 2282 enim
720 2214 781 2300 ἔχις
801 2253 843 2267 »-
863 2211 967 2299 ἔχιδνα
994 2223 1171 2296 serpentum
1199 2219 1326 2298 species

218 2317 370 2400 medicat
399 2335 427 2382 r.
449 2316 481 2381 C.
502 2317 538 2382 ll.
566 2324 597 2392 §-
620 2317 667 2381 12.
697 2317 743 2382 sic
773 2312 890 2396 ἄρακος
917 2316 984 2380 sive
1010 2310 1126 2397 dpupue
1151 2314 1255 2380 Galen.
1284 2315 1325 2383 de

140 2495 142 2500 ,
217 2417 288 2486 lae.
308 2415 398 2480 lilim.
419 2416 468 2481 IV.
486 2416 537 2500 27,
558 2416 628 2482 541.
652 2407 802 2496 ἆράχιὸνα
823 2415 1004 2495 plantarum.
1047 2415 1102 2478 llis
1124 2431 1198 2480 vero
1221 2431 1325 2495 syno-

217 2531 309 2596 npmu
330 2513 380 2580 uel
397 2514 499 2580 allinia
515 2521 586 2580 sunt
601 2507 710 2595 ἀρακίς
727 2515 794 2578 sive
808 2506 975 2594 dpuuiotoo
989 2520 1020 2578 ct
1033 2505 1216 2596 dpuooadio,
1239 2533 1326 2596 quo-

216 2632 283 2680 rum
304 2614 401 2694 ligura
422 2611 588 2696 discrepat,
609 2630 679 2676 uam
700 2612 761 2676 noc
782 2611 974 2694 copulatum,
999 2610 1075 2681 illud
1096 2613 1241 2697 simplex,
1264 2616 1324 2686 sed

217 2713 399 2794 significatio
424 2728 485 2776 unu
508 2719 572 2795 est,
603 2728 693 2792 quum
716 2711 957 2777 assimulatiram
978 2711 1027 2774 rel
1054 2713 1231 2781 imitativum
1261 2715 1324 2782 diei

215 2813 298 2888 licet.
340 2811 478 2892 Simplici
498 2810 544 2876 illi
565 2810 773 2890 comparanda
794 2816 866 2878 suut
886 2803 1176 2892 opopumpeum
1197 2812 1324 2888 adulte-

215 2914 323 2995 rinum,
344 2911 494 2992 wudupts
515 2908 658 2974 cardamo
682 2908 801 2992 similis,
821 2911 957 2990 κυπειρίς
978 2926 1103 2994 cypero,
1131 2912 1204 2976 item
1224 2915 1323 2980 uoto-

214 3011 337 3088 κυνθίς,
357 3007 478 3092 pedite,
499 3007 638 3091 σησαμίς,
660 3025 679 3070 a
700 3008 824 3090 plantis,
847 3009 958 3092 quibus
975 3007 1078 3090 aliqua
1094 3016 1182 3074 tenus
1201 3011 1323 3082 similes

215 3116 297 3193 snut,
318 3107 515 3177 denominata
537 3108 617 3172 sicut
637 3102 744 3188 ἐλαφίς
766 3107 833 3174 avis
853 3107 937 3175 cervi
952 3107 1089 3181 colorem
1102 3125 1222 3189 gorens.
1248 3112 1322 3176 Mu-

213 3209 262 3288 pis
283 3223 358 3272 vero
381 3223 532 3288 expresse
553 3205 760 3272 similitudinis
774 3205 956 3286 significatio
975 3209 1007 3270 iu
1022 3207 1214 3290 compositis,
1235 3225 1321 3289 quo-

213 3324 279 3384 rum
301 3307 415 3387 duplex
435 3307 575 3386 species:
601 3299 760 3388 iodppcoo,
781 3299 941 3384 ἰσόπυρον,
961 3305 1164 3386 isooinumon,
1185 3341 1227 3354 ··-
1248 3307 1320 3372 δικ-

211 3401 394 3488 ταμνοειδὲς,
416 3397 640 3485 μυρσονοειὸές,
661 3398 1025 3486 πολυγονοειὸέςωωίεε.
1037 3405 1070 3468 in
1083 3404 1188 3486 Thes)
1210 3405 1318 3474 delen.

213 3506 252 3570 de
280 3505 387 3586 Simpl.
415 3504 519 3584 Temp.
547 3503 608 3568 Vll.
634 3502 686 3568 31.
715 3503 747 3566 Τ.
768 3501 830 3566 ΧΠ.
857 3496 1150 3584 pompositate.
1178 3507 1318 3592 σησαμίς,

212 3596 401 3686 ὥκιμοειόἑς,
431 3601 513 3682 quod
540 3602 576 3665 ll.
606 3602 782 3682 Stephanus
809 3618 827 3666 a
849 3601 967 3664 Latinis
991 3601 1188 3674 ocimastrum
1209 3611 1318 3671 vocari

210 3705 262 3768 ait.
304 3700 452 3782 Equidem
481 3701 541 3764 lroc
569 3706 693 3782 practer
718 3701 854 3764 novitios
883 3701 959 3764 artis
986 3699 1149 3765 herbariae
1169 3710 1317 3770 auctores

210 3817 273 3863 non
294 3799 416 3880 reperio
440 3799 496 3864 sed
515 3799 611 3862 multa
631 3799 747 3879 puriter
768 3799 929 3862 terminata
950 3799 1127 3862 alicastrum
1148 3800 1247 3870 alicae
1269 3805 1317 3868 si-

209 3898 280 3960 mile
301 3895 409 3960 lsidor.
432 3897 601 3978 apiastrum
622 3889 848 3978 dppwoitouoo,
872 3904 1072 3961 mentastrum
1093 3901 1235 3966 menthae
1256 3918 1316 3983 ge-

209 3993 267 4060 nus
289 3995 434 4060 silvestre
451 3995 527 4060 Pliu.
542 3999 746 4080 porcastrum,
769 3997 989 4078 siliquastrum,
1012 4013 1100 4080 quae,
1122 3999 1315 4082 inquantum

209 4095 246 4158 de
269 4095 379 4175 clymis
402 4102 535 4178 constat,
557 4112 608 4160 res
631 4095 941 4176 significantsimiles
962 4096 1001 4166 iis
1023 4094 1103 4162 unde
1117 4095 1315 4166 denominata
