2788 4986
249 272 301 340 un
322 271 413 339 nur.
436 269 593 338 runcum
615 269 765 338 musis.
801 271 833 337 c.
847 241 872 337 ι’
898 277 927 348 ς.
942 272 970 338 e.
1115 275 1156 344 m

75 442 197 523 piun'bus
216 439 364 522 exemplis
384 437 539 520 persequi.
579 429 748 520 Σαάοαγος
769 436 873 502 Soboi.
894 437 927 504 ii.
948 438 983 503 ii.
1004 435 1075 504 463.
1096 437 1157 506 be-

74 547 199 621 rptouum
221 543 270 603 est
295 555 336 604 ex
353 537 461 620 regula
481 554 509 601 ι.
523 537 595 600 Arc.
609 553 638 618 p.
651 536 701 602 47.
723 535 780 602 sed
798 532 950 620 αμαραγὴ,
970 537 1044 602 iicet
1057 537 1157 616 signi-

74 640 159 702 ficatio
177 638 250 702 nihil
270 637 437 720 discrepet,
459 641 629 715 onptonum
648 635 680 698 in
700 635 823 700 Rbetor.
846 635 952 702 Graec.
975 633 1007 704 Τ.
1021 635 1070 702 iii.
1086 635 1157 704 580.

74 745 98 802 et
120 735 182 804 508.
209 744 267 802 etc.
298 735 488 802 characteris
513 751 610 798 ceusu
637 741 670 798 ut
685 727 833 818 -omapq,
866 729 992 818 τιναγιὶ,
1027 730 1155 819 χαοαγή.

72 837 232 901 insomniis
245 854 275 918 p.
290 835 361 919 351,
375 835 404 900 2.
427 841 458 898 et
476 851 506 915 p.
522 832 593 915 880,
606 831 655 898 28.
677 850 731 898 cur
751 830 874 917 κολώνη
895 833 1050 900 diversum
1068 853 1087 898 a
1105 853 1158 900 κο-

70 931 154 1010 λωνός
167 941 329 999 accentum
343 933 509 1016 acceperit,
529 930 643 1012 duplici
663 933 784 998 ratione
798 933 902 1016 soluit,
923 939 976 998 aut
994 935 1067 1015 quia
1079 949 1158 1015 pro-

71 1035 154 1114 prium
173 1035 213 1098 sit
234 1039 289 1096 aut
313 1033 352 1098 ob
374 1032 593 1096 characterem.
634 1029 711 1094 iilud
731 1031 849 1096 valeret
870 1031 985 1113 aliquid
1006 1033 1034 1096 si
1055 1032 1157 1098 solum

70 1139 173 1198 extaret
192 1132 353 1214 proprium
373 1124 523 1212 Κολώνα,
558 1127 615 1194 sed
637 1128 745 1195 eodem
765 1129 858 1195 modo
879 1131 1025 1196 scribitur
1045 1130 1157 1213 appel-

69 1231 184 1296 iutirum.
226 1231 337 1313 ltaque
364 1230 469 1310 potior
498 1233 547 1292 est
573 1227 672 1292 ultera
697 1229 795 1310 rati03
829 1245 899 1295 nem
925 1246 1004 1311 quae
1032 1230 1064 1294 in
1089 1217 1158 1316 οἶοῆ

70 1336 166 1394 exeunt
185 1327 441 1412 hyperdisplieuba
460 1327 614 1406 berytonu
634 1334 705 1391 suut
725 1333 848 1410 praeter
862 1327 1019 1394 demonum
1032 1333 1158 1400 uomina

68 1424 176 1512 Αίξοοή
199 1436 229 1492 et
252 1428 445 1492 affinitatium
465 1420 575 1508 υίανή.
616 1427 657 1490 nt
678 1433 711 1490 ut
731 1423 850 1503 σοελοός
871 1435 902 1493 et
922 1423 1026 1492 occiso?
1046 1447 1158 1512 quum-

69 1529 107 1592 vis
125 1527 243 1592 diuersa
263 1531 398 1590 accentu
417 1532 564 1590 notentur
585 1523 702 1608 eodem,
722 1528 849 1607 propria
868 1528 1028 1609 utriusque
1049 1531 1157 1596 termi-

68 1627 139 1690 natio
160 1627 272 1708 poscit.
315 1625 542 1690 Antidiastoiae
564 1640 660 1687 causa
679 1617 802 1708 ἆοαάγη
820 1624 983 1691 scribimus
997 1629 1025 1692 si
1038 1629 1158 1694 instru-

68 1732 185 1790 mentum
204 1726 363 1790 humatum
383 1723 550 1808 significat,
571 1715 695 1806 ἁρπαγή
717 1725 744 1788 si
765 1733 894 1808 raptum,
916 1731 949 1788 ui
969 1723 1107 1812 αλατοὶγη
1129 1731 1158 1796 si

69 1825 273 1904 crepitacqum
295 1822 454 1889 monii.
477 1822 524 1888 13.
544 1817 683 1906 αλαταςοῐ
706 1825 733 1887 si
755 1825 903 1905 crepitum
924 1841 952 1888 v.
972 1825 1096 1892 Jacobs.
1118 1828 1157 1896 ad

68 1923 145 1988 bntb
163 1923 195 1989 P.
211 1941 241 2004 p.
256 1921 330 1988 862.
353 1921 516 2003 Goettiing.
538 1921 576 1986 dc
595 1923 670 1986 noc.
692 1921 761 1987 150.
782 1923 831 1988 vel
852 1927 924 2004 quia
945 1924 1025 1988 banni
1045 1942 1159 1996 nomeu

69 2039 246 2102 paronpmon
268 2027 320 2086 est
334 2023 406 2086 Arc.
421 2020 489 2086 102,
512 2021 551 2086 ab
565 2015 712 2103 ἅρπαγος,
735 2038 825 2102 quem
837 2024 1056 2088 nominativum
1071 2027 1159 2092 aiiert

69 2121 160 2184 Aelius
178 2121 353 2200 Dionysius
373 2119 514 2185 Eustetb.
537 2120 625 2205 1390,
639 2120 689 2186 52.
722 2119 788 2182 Nec
807 2135 880 2184 raro
901 2119 1057 2188 dubitatur
1077 2125 1159 2194 unde

69 2217 186 2300 quidque
208 2226 314 2283 ortum
333 2219 383 2282 sit.
404 2261 406 2268 -
430 2217 612 2282 Eustatbius
638 2218 678 2285 ud
698 2218 788 2284 Dion.
809 2217 879 2282 566.
905 2215 1084 2304 κοινότερον
1101 2221 1160 2308 μὲν

69 2309 194 2394 ὄξὺοειαι
212 2313 250 2382 τὸ
272 2312 395 2400 mayr}
416 2309 460 2392 ὥς
478 2312 514 2380 τὸ
536 2310 687 2402 ἀλαλαγὴ·
723 2310 742 2384 ὁ
768 2311 801 2380 δὲ
815 2310 1010 2398 Ἡρωδιανὸς
1029 2319 1158 2408 βαρύνει

67 2412 152 2498 λέγων
171 2413 218 2482 ὅτι
238 2410 303 2483 οὐκ
322 2411 357 2480 ἐκ
375 2415 433 2479 τοῦ
452 2411 599 2481 mdccc
613 2419 742 2500 γίνεται·
765 2409 899 2493 ὦξύνεαο
918 2415 979 2501 γὰρ
999 2417 1041 2486 ἂν
1060 2418 1103 2501 ὥς
1121 2420 1158 2491 τὸ

69 2508 190 2602 ticeps}
211 2510 276 2582 ἀλλ’
299 2509 363 2580 ἀπὸ
383 2513 441 2578 τοῦ
461 2511 607 2600 πάταγος,
629 2505 670 2582 οὖ
688 2511 726 2581 τὸ
745 2509 887 2598 θηλυκόν
907 2510 927 2600 ἡ
947 2517 1076 2608 πατάγη.
1117 2526 1160 2592 Ei

71 2615 160 2682 Soboi
179 2616 219 2683 ad
239 2617 271 2682 b.
292 2615 311 2680 l.
332 2609 453 2700 ααταγὴ
474 2611 523 2680 δεῖ
540 2609 676 2694 choma·
707 2616 739 2682 oi
757 2613 791 2682 oi
812 2614 996 2699 βαρύνοντος
1015 2619 1159 2704 παρώνυ-

69 2737 119 2796 μον
136 2711 308 2800 ἐξεδέχοντο
327 2715 383 2780 τοῦ
400 2708 552 2798 πάταγος,
578 2717 718 2782 similiter
739 2725 773 2782 ut
792 2714 876 2801 cipp
896 2736 1089 2800 purouprnon
1109 2722 1159 2790 di.

70 2815 137 2880 citur
160 2818 218 2882 τοῦ
244 2809 347 2897 πάγος
371 2816 443 2879 Arc.
463 2814 530 2880 104.
560 2820 648 2897 cujus
676 2816 767 2897 louge
801 2817 862 2881 alia
890 2825 939 2882 est
966 2819 1158 2899 significatio.

69 2912 122 2977 iias
141 2915 231 2995 igitur
255 2920 288 2978 et
311 2913 486 2994 hujusmodi
503 2915 703 2999 antinomias,
725 2916 837 2996 quibus
859 2924 1007 2981 accentus
1027 2920 1159 2984 cunoni-

69 3027 116 3076 cus
140 3015 331 3098 immutatur,
364 3021 487 3080 ueteres
516 3015 660 3079 Technici
686 3016 753 3078 sine
776 3013 868 3079 dubio
889 3031 953 3079 uon
974 3020 1159 3097 praetermi-

69 3120 177 3198 serunt,
203 3129 322 3194 easque
344 3112 427 3178 clare
450 3114 543 3180 nobis
565 3120 597 3178 et
616 3113 748 3178 enodate
768 3119 961 3195 exponerent
979 3115 1041 3180 nisi
1060 3115 1159 3182 libre-

70 3211 171 3277 riorum
187 3205 350 3296 Ἐριιαιύες
368 3208 497 3295 toxotius
517 3204 625 3296 αὐδήν.

141 3319 169 3387 s.
188 3312 217 3377 4.
264 3312 298 3378 Si
320 3313 413 3392 igitur
432 3312 492 3396 iili,
520 3314 573 3394 qui
600 3317 761 3376 accentum
789 3329 857 3377 cum
881 3312 1107 3393 significatione
1128 3321 1161 3380 et

70 3409 230 3477 consistere
254 3418 285 3476 et
307 3412 493 3476 commoveri
512 3410 684 3493 uoluerunt,
707 3409 747 3476 ed
767 3426 892 3478 causam
909 3410 1068 3476 dicendam
1081 3430 1161 3477 euo-

71 3516 209 3598 euentu,
230 3517 303 3574 ante
325 3511 428 3574 omniu
448 3510 597 3575 librorum
617 3525 744 3574 suorum
765 3517 1027 3591 conquererentur
1044 3518 1162 3580 sortem

70 3603 199 3694 iniquum,
227 3625 359 3692 quorum
379 3609 539 3691 multiplici
561 3610 759 3690 corruptione
782 3610 895 3674 suctum
918 3617 1044 3675 esseut
1066 3628 1162 3693 prae-

73 3708 218 3785 ccptioues
245 3725 323 3775 suae
355 3724 507 3789 nusquam
540 3725 604 3772 non
639 3709 724 3772 hiare
759 3714 790 3772 et
823 3708 969 3794 fatiscere
1001 3711 1162 3796 rideantur

71 3859 355 3880 '‘z-*a—

73 3954 117 4010 Sed
132 3960 200 4031 χροά
217 3962 251 4017 ob
269 3960 375 4028 ellipsin
395 3959 496 4026 marari
515 3958 578 4012 dicit
594 3973 620 4026 p.
640 3957 702 4026 100,
724 3959 763 4016 12.
799 3959 832 4013 Et
855 3945 1049 4029 quis'spondet
1071 3958 1162 4028 ‹pboui

74 4050 187 4110 uunquam
203 4045 301 4100 dietum
318 4043 399 4098 esse?
428 4039 501 4106 xiie
520 4045 547 4097 et
562 4039 640 4110 peip,
659 4040 753 4110 quibus
772 4043 914 4098 masculine
929 4042 1058 4110 adjacent,
1076 4055 1162 4098 rerum

75 4129 124 4178 sum
139 4127 262 4186 roeubuia
281 4127 396 4196 ideoque
416 4125 549 4194 berytona.
