2750 4994
191 211 243 276 nn
266 213 485 282 nonianus
507 213 548 278 nt
568 216 590 278 c
607 213 866 281 uxuoormus
902 216 934 283 e.
949 219 969 283 1.
989 227 1018 296 c.
1032 221 1061 287 2.
1120 207 1180 296 isi

77 395 139 444 ncr.
159 378 248 444 Pros.
270 399 301 462 p.
321 380 370 444 73.
391 377 520 444 uranon.
544 377 582 444 ad
603 379 699 444 inscr.
720 379 817 444 Richt.
846 399 876 462 p.
904 381 954 446 25.
983 384 1014 448 id
1042 403 1061 450 a
1087 394 1178 452 vote-

76 493 139 540 rnm
160 495 221 541 usu
242 479 423 559 longissime
445 479 599 542 abhorret.
642 477 749 558 ltaque
771 477 877 542 dubito
900 497 939 544 an
959 482 1060 548 illcdo
1073 487 1176 565 ypsilo

75 575 221 657 loquutus
245 579 295 654 sit,
317 576 401 658 quod
422 576 617 658 penultimam
640 575 796 656 praecedit
816 579 848 640 in
874 578 994 644 dnobus
1015 583 1176 650 vocabulis

73 671 189 749 κύανος
205 683 238 740 ct
257 671 387 753 πύανος,
411 692 506 756 saepe
527 676 587 740 hoc
616 675 708 738 modo
738 675 864 754 scriptis
894 694 951 741 noc
977 697 1048 743 raro
1074 684 1174 748 acutis

72 791 99 837 v.
123 774 237 839 Parall.
266 775 335 846 317.
385 774 532 837 dominini
558 775 681 854 generis
713 773 872 852 trisyllaba
900 785 1024 856 praeter
1053 777 1174 864 μηχανή

71 872 226 952 hamtona
247 891 319 938 esse
341 873 380 936 alr
408 871 584 936 Herodiano
617 872 763 936 discimus
785 893 815 936 π.
838 876 923 938 Μον.
947 891 975 956 p.
996 877 1025 942 8.
1067 878 1174 960 Neque

71 972 160 1036 aliter
182 974 329 1038 scribitur
355 965 551 1053 Ταπροβάνη,
574 975 662 1050 cujus
678 969 874 1050 penultimam
887 973 1062 1040 Alexander
1080 984 1175 1057 poeta

70 1071 215 1150 producit
237 1090 286 1152 ep.
308 1071 413 1152 Steph.
434 1089 460 1134 s.
479 1070 509 1134 li.
531 1089 560 1134 v.
578 1070 747 1147 Dionysius
769 1076 870 1136 entem
892 1089 919 1136 ιι.
941 1072 1010 1138 503.
1034 1081 1067 1138 et
1087 1075 1172 1157 Ouid.

70 1169 159 1234 Pont.
183 1171 205 1235 1.
228 1170 258 1253 5,
279 1170 329 1236 80.
352 1170 529 1248 corripiunt.
550 1205 592 1214 -
612 1167 782 1234 Mascullna
795 1172 1068 1256 mccroparalecta,
1090 1190 1174 1254 qno,-

71 1284 136 1332 rum
169 1268 223 1344 illc
246 1268 360 1334 oblitus
381 1274 448 1350 cst,
471 1273 609 1346 oxytona
630 1274 702 1330 sunt
719 1260 881 1348 Ἀλβανός,
897 1261 1057 1352 Ὑρκανός,
1081 1275 1175 1336 Zoto-

71 1360 142 1445 οός,
171 1363 327 1448 Σωρονός
353 1385 381 1431 ιι.
411 1365 574 1448 dcettling.
603 1365 640 1429 dc
665 1366 738 1429 dcc.
766 1383 794 1446 p.
825 1366 892 1432 108.
921 1385 1016 1448 quare
1044 1363 1175 1454 Ἀμανός

72 1465 175 1530 Strub.
196 1466 261 1530 Xll
282 1466 351 1534 535.
375 1474 405 1530 et
431 1458 468 1530 τὸ
493 1459 629 1546 Ἀμανὸιι
656 1465 889 1544 praelerendum
919 1475 1173 1549 proparonptono

71 1581 118 1644 ap.
142 1565 297 1645 scopus.
319 1567 347 1630 Ιι.
370 1572 447 1630 ets.
469 1558 648 1646 Μιλιτηνή,
669 1562 741 1626 item
759 1555 907 1644 Ἀὂρανός
928 1568 994 1630 sive
1012 1561 1171 1649 Ἀδρανός,

71 1667 159 1743 cnjus
188 1665 357 1745 penultima
389 1663 483 1743 longa
513 1663 566 1728 Sil.
593 1661 660 1725 ltal.
687 1661 763 1726 XIV.
792 1663 861 1728 250.
889 1667 1050 1745 probatius
1081 1685 1171 1749 quam

62 1754 216 1842 Ἀδρανος
240 1765 271 1827 in
292 1765 371 1828 locis
393 1780 411 1826 a
431 1762 577 1826 lacobslo
601 1759 724 1823 collatis
746 1759 784 1822 ad
805 1762 923 1826 delion.
948 1781 977 1844 p.
1000 1765 1067 1832 198.
1104 1767 1172 1832 Co-

70 1861 164 1926 looos
186 1869 310 1944 quoqne
332 1863 390 1925 viri
410 1877 522 1924 nomen
544 1859 644 1924 media
661 1858 755 1937 longa
776 1860 822 1922 sic
844 1866 876 1922 nt
897 1861 1083 1940 gentilicium
1106 1866 1171 1930 Kn-

68 1960 156 2024 tovol
178 1961 317 2026 Clearch.
347 1962 379 2024 in
399 1960 512 2024 Enscb.
532 1959 580 2023 Pr.
600 1958 655 2022 Eu.
676 1957 724 2020 nl.
746 1955 776 2039 5,
797 1955 867 2020 409.
887 1958 922 2022 D.
954 1961 1170 2040 proferendum

68 2060 204 2139 uidetur;
227 2077 399 2141 quanquam
421 2058 452 2121 id
473 2059 598 2138 saepius
621 2051 765 2128 Κάλανος
794 2056 942 2135 scriptum
969 2063 1121 2140 reperitur
1142 2081 1170 2128 u.

67 2157 198 2224 Ellendt.
221 2158 260 2224 ad
280 2161 399 2224 Arrian.
422 2157 483 2220 Vll.
507 2156 554 2238 18,
578 2156 624 2221 10.
647 2162 680 2218 nt
702 2154 807 2220 Caleni
824 2170 992 2222 successor
1006 2154 1171 2240 Ζάρμανος

70 2257 189 2336 (omiss.
211 2258 244 2320 in
268 2259 334 2341 Th.)
358 2257 458 2322 Strah.
479 2253 542 2320 XV.
566 2254 636 2318 720.
660 2254 747 2334 (alibi
776 2249 952 2336 Ζάρμαρος)
975 2274 1168 2339 semperque,

70 2358 95 2420 si
115 2359 196 2421 sctis
218 2358 350 2440 memini,
372 2351 529 2436 Κάρανος,
551 2353 599 2415 cni
620 2353 778 2416 Ausonius
800 2353 892 2434 alpha
912 2353 1005 2418 breve
1026 2356 1170 2442 impertit,

70 2457 187 2539 codem,
209 2455 313 2539 credo,
336 2470 442 2518 errore
464 2469 524 2532 quo
551 2448 658 2516 Θεανώ
679 2453 710 2514 in
723 2452 813 2517 Anth.
835 2459 1010 2533 correptum
1023 2461 1087 2534 θεῖ,
1108 2471 1170 2520 ne-

70 2573 126 2636 qnc
148 2557 230 2620 enim
252 2554 335 2618 aliud
356 2567 468 2618 nomen
488 2549 608 2614 videtur
631 2544 776 2632 Κάρηνος
797 2568 845 2634 ap.
858 2551 1055 2618 Herodotum.
1084 2550 1170 2636 Κάρ»

69 2656 162 2736 βανος
184 2661 352 2718 excusatur
374 2650 558 2715 anadromac
580 2649 701 2731 specie,
730 2665 789 2730 qna
817 2656 901 2714 caret
921 2646 1056 2730 adpones
1077 2646 1095 2717 ὁ
1115 2650 1170 2718 κύ-

69 2776 132 2833 ριος
161 2755 236 2818 Hes.
267 2754 313 2818 sic
352 2747 567 2834 proferendum
594 2754 627 2810 nt
655 2749 781 2811 verbum
814 2751 982 2828 καρανοῦν.
1032 2748 1170 2826 Λικανός

71 2847 87 2918 ὁ
106 2851 176 2937 περὶ
196 2845 252 2926 τὰς
279 2851 366 2925 δίκας
385 2850 459 2914 Hes.
480 2853 564 2912 certe
583 2862 646 2910 non
663 2847 752 2909 alitor
768 2863 857 2926 quam
871 2844 1035 2922 innovando.
1077 2852 1172 2918 Alio<

70 2970 132 3017 rum
148 2951 300 3034 prosodia
313 2949 474 3014 incertior:
496 2940 614 3020 Αἰανός
629 2954 659 3009 et
671 2941 805 3020 Ἅδοινος
825 2947 929 3029 Steph.
951 2948 1008 3012 sed
1028 2943 1170 3030 τὰἎὸα-

70 3074 108 3116 να
134 3052 194 3116 Dio
226 3049 314 3114 Cass.
343 3045 456 3112 XLVII.
489 3043 538 3108 31.
560 3040 693 3118 ’Έτοινος
714 3045 827 3110 Herod.
857 3046 913 3110 sed
945 3046 1051 3110 ultima
1079 3055 1170 3113 acuta
1288 3087 1290 3090 -

73 3149 177 3230 Steph.
196 3143 359 3230 Κροτανός
379 3147 471 3210 Paus.
488 3143 537 3206 Ill.
556 3145 603 3227 14,
625 3145 653 3208 2.
676 3139 813 3218 Λὲτανος
828 3145 916 3209 Diod.
937 3145 1000 3209 XII.
1024 3145 1073 3209 34.
1103 3146 1170 3228 0p-

72 3249 131 3330 pidi
150 3246 247 3312 Siculi
273 3245 387 3310 nomen
406 3239 534 3325 ’Ἰσχανοι
565 3244 739 3324 Stephanus
775 3261 865 3324 qnnm
893 3245 931 3308 ab
966 3243 1096 3331 ἰσχαοᾷν
1116 3263 1170 3310 re-

72 3349 162 3429 petit,
194 3343 286 3425 alpha
320 3346 415 3409 breve
449 3359 522 3407 csse
550 3343 717 3423 significat;
748 3342 872 3422 longum
901 3342 994 3406 habet
1026 3340 1171 3408 Φαισάνα

72 3443 220 3510 Arcadiae
243 3442 316 3508 urbs
337 3441 423 3507 Pind.
447 3437 618 3523 ct”Epavc
645 3443 711 3506 sive
724 3435 870 3523 ''Epcovo
891 3441 974 3522 quod
996 3445 1170 3522 praefertur

75 3545 110 3608 ob
131 3540 334 3606 mascnlinum
354 3537 523 3620 Ἕραννος,
551 3547 584 3604 nt
615 3536 780 3614 Φάλαννος
811 3535 976 3618 dolenen,
1005 3556 1068 3604 non
1098 3543 1170 3604 Φα-

73 3635 167 3704 tovvoi
199 3657 227 3702 v.
258 3640 428 3705 Tzschuck.
457 3639 496 3704 ad
525 3639 626 3704 Strab.
649 3638 698 3702 lX.
729 3638 798 3704 646.
825 3639 1009 3704 Bachmann.
1038 3639 1076 3703 ad
1097 3640 1169 3719 Lyo.

75 3739 140 3806 900.
167 3731 321 3820 'flodovei
348 3739 409 3802 loci
430 3745 542 3802 nomen
565 3738 670 3818 Steph.
693 3757 721 3802 ι·.
744 3737 965 3802 Schneidewin.
988 3737 1025 3800 ad
1054 3737 1169 3803 Zenob.

76 3857 102 3920 p.
124 3837 173 3904 80.
223 3835 449 3917 Appellativum
477 3833 630 3918 τύραννος
657 3852 794 3918 semper,
823 3835 1004 3918 copiacopia,
1033 3838 1173 3918 Κοριαν-

81 3932 137 4015 νώ,
166 3936 352 4017 Βρετταννοί
380 3937 505 4018 saepius
535 3938 581 4001 sic
614 3951 703 4016 quam
731 3931 835 3998 ιιιιοῖι
871 3933 1054 3999 scribuntur.
1096 3935 1173 4000 lllnd

81 4035 214 4103 nonnulli
249 4051 317 4098 cum
343 4033 504 4118 κοίρανος,
538 4031 661 4118 κύριος,
691 4028 826 4116 κοίρανος
854 4039 884 4098 et
911 4029 1025 4116 ἤρανος
1056 4049 1175 4116 cogna-
