2770 4992
191 277 249 342 nu
270 275 410 344 nomm.
431 276 473 342 m
490 260 532 340 α
552 275 804 358 uxumrmus
838 284 870 351 c.
885 285 906 351 r.
932 294 962 364 s.
977 289 1006 355 c.
1110 297 1156 366 os

42 440 244 524 niginaldus,
275 459 354 526 quae
375 448 632 524 propurorytcna
652 461 741 530 csse,
769 456 907 529 onytona
933 471 1009 528 vcro
1035 473 1156 540 quae-c

42 540 142 624 kappa
163 541 332 630 ordiantur
351 538 563 625 αοοιααοαλλός
584 549 615 607 ct
635 541 825 626 κορυδαλλός
846 549 999 636 (bardula)
1025 571 1155 636 quorum

41 641 174 704 omnium
198 647 256 703 aut
278 639 466 722 etymologia
488 643 608 706 incerta
636 649 685 707 est
712 651 765 709 aut
787 647 950 728 scriptura.
991 655 1154 736 Κοαυδαλ,

38 733 87 812 hig
108 756 150 802 ex
172 741 329 804 confesso
347 756 537 822 paragogum
559 740 614 806 sed
635 742 786 808 interdum
807 762 899 812 unum
917 747 1040 818 lambda
1058 761 1089 820 et
1102 774 1155 828 aa„

39 845 162 902 centum
194 844 270 902 ante
297 839 434 903 ultimam
455 839 548 906 hahet
569 840 663 922 longa
691 848 792 908 tamen
811 845 915 910 vocali
942 856 975 912 ut
994 851 1154 941 κοροδάλη

37 935 220 1018 Epicharm.
241 936 312 1002 hth.
334 936 404 1002 398.
424 938 460 1004 D.
495 939 536 1002 m
555 937 768 1020 οφαπαταλλός
788 957 1006 1028 nonnunquam
1026 951 1152 1034 baryto.

38 1051 107 1098 num
128 1035 298 1117 semelque
318 1034 626 1118 hrachyparalectum
647 1055 719 1104 csse
738 1039 1153 1127 doootmeinehiuscom.1.

38 1132 104 1198 288.
127 1133 328 1218 Λίγλθαλλος
348 1143 457 1200 contra
474 1154 627 1219 persaepe
648 1135 810 1220 αἰβοθαλός
829 1144 974 1210 scribitur
994 1150 1085 1216 etiam
1098 1155 1150 1218 ubi

38 1233 266 1316 caprimulgum
294 1233 445 1314 significat
473 1241 506 1300 ut
534 1253 582 1318 ap.
603 1239 754 1317 Anonym.
782 1239 820 1304 de
846 1243 934 1309 hum.
961 1248 994 1312 in
1015 1249 1150 1319 Crameri

38 1329 155 1397 hneod.
179 1333 281 1396 Paris.
305 1333 337 1418 T„
359 1332 380 1396 l.
402 1349 431 1414 p.
449 1331 499 1398 27.
522 1335 656 1398 ayerho
678 1332 750 1400 θοὶο
771 1339 953 1420 productum
974 1352 1008 1410 ut
1028 1347 1152 1436 nigidii«,

39 1431 99 1504 λας.
152 1430 220 1496 Sed
248 1429 373 1494 Arcadii
406 1431 590 1514 sententiam
622 1441 721 1499 ratam
747 1436 841 1504 hahet
865 1442 912 1508 vir
940 1443 1151 1536 doctissimus,

39 1544 128 1608 quem
157 1530 194 1592 in
222 1529 283 1592 hcc
310 1546 454 1593 sermone
481 1528 645 1595 identidem
671 1536 840 1622 appellavi,
874 1541 914 1606 ad
939 1543 1022 1610 Ccm.
1052 1549 1085 1614 T.
1111 1551 1148 1618 11.

38 1625 106 1692 826.
150 1627 235 1692 Huic
263 1626 347 1710 quod
367 1628 523 1695 antecedit
547 1630 721 1711 Hesychius
751 1635 883 1702 obscure
909 1640 1024 1707 indicat
1047 1663 1155 1731 copu-‚

40 1722 134 1788 latum
165 1743 241 1790 esse
271 1727 439 1807 Περίαλλος
465 1721 501 1791 τὸ
522 1727 621 1810 ἰσχίον
648 1727 725 1796 ὅταν
751 1733 871 1800 εἰλεῖται
897 1739 1073 1820 significans
1100 1744 1151 1814 ὅτι

41 1822 162 1888 εἰλεῖται
199 1823 247 1888 vel
276 1820 422 1906 παρὸντὸ
449 1825 612 1922 εἰλεῖσθαο,
647 1831 788 1914 idemque
815 1827 988 1918 ἀρύβαλλος
1015 1849 1151 1925 conJ'un.

43 1926 122 1986 ctum
153 1938 229 1986 csse
257 1921 331 1988 dicit
351 1917 413 1988 ἀπὸ
440 1927 498 1990 τοῦ
524 1919 631 2010 ἀρύειν
651 1926 703 1992 καὶ
722 1928 845 2012 βάλλειν
864 1934 907 2009 εἰς
927 1931 1026 2004 αὐτόν
1032 1988 1043 2019 ,
1068 1961 1149 2026 quac

43 2035 117 2083 sane
146 2021 299 2086 mirabilis
326 2032 374 2088 cst
397 2029 543 2106 junctura
569 2027 729 2109 magisque
763 2035 951 2100 conveniens
981 2047 1156 2120 arytaeuaa.

10 2111 11 2116 ’
43 2133 132 2198 quam
155 2121 314 2201 marsupio
338 2124 404 2188 sive
426 2127 627 2190 crumenae²⁷
646 2129 707 2192 nisi
733 2129 814 2194 sorte
835 2132 1047 2207 balneatorum
1069 2143 1151 2210 troi·-

44 2215 90 2280 lae
112 2220 184 2283 siue
205 2219 335 2301 aryhalli
356 2221 441 2286 lucre
465 2225 544 2288 culei
565 2230 598 2290 ut
620 2243 716 2307 saepe
738 2245 901 2302 crumenae
922 2241 952 2298 et
975 2239 1152 2323 sacciperia

45 2332 80 2378 cx
102 2319 193 2383 corio
214 2319 340 2383 confieri
362 2319 473 2386 solent.
515 2324 742 2390 Transmissum
767 2329 831 2394 illic
855 2327 1022 2410 νεκύδαλλος
1050 2337 1083 2419 (a
1101 2335 1148 2406 νὲ·

45 2438 97 2491 αυς
115 2413 258 2496 νέκυδος,
279 2417 362 2499 quod
382 2436 445 2483 non
459 2420 572 2484 lectum
587 2425 650 2506 est)
672 2440 735 2488 non
757 2428 857 2494 sulum
877 2429 938 2496 hoc
958 2433 1050 2500 modo
1071 2441 1149 2506 seri-

47 2522 127 2594 ptum
158 2516 311 2598 reperitur
338 2517 393 2583 scd
415 2521 507 2585 ctiam
527 2518 713 2599 νεκύδαλλος
733 2527 765 2590 in
785 2529 890 2595 multis
910 2530 997 2602 libris
1016 2536 1151 2606 Aristot..
1233 2581 1238 2590 ·

47 2612 79 2677 H.
98 2617 179 2681 hnn.
200 2616 235 2680 V.
259 2615 306 2680 te.
327 2635 357 2698 p.
377 2617 448 2701 551,
472 2619 518 2686 12.
546 2628 577 2686 et
605 2623 678 2687 alibi
704 2632 795 2690 acuta
820 2629 927 2694 ultima
952 2649 981 2700 u.
1001 2633 1146 2706 Boisscu.

47 2711 83 2775 ad
101 2714 202 2795 Epim.
224 2713 294 2779 227.
335 2716 395 2780 Pro
415 2709 564 2798 Ἐρύαλος
590 2721 622 2785 in
643 2722 726 2786 exitu
747 2741 857 2792 versus
880 2729 961 2810 apud
981 2731 1146 2806 Homerum

49 2816 78 2872 et
94 2811 239 2887 Quintum
260 2828 341 2878 nunc
357 2808 505 2899 Ἐρύλαος
526 2820 725 2886 substitutum
747 2830 835 2890 estu.
850 2827 1003 2909 Spitzuer.
1016 2832 1145 2904 Observ.

48 2908 84 2974 ad
104 2911 207 2988 Quint.
222 2929 250 2992 p.
267 2912 373 2978 175.²⁸
401 2916 530 2983 Brevem
548 2920 745 3000 penultimam
763 2922 1040 3008 hahetxovtuatoq
1061 2934 1146 3014 quod

49 3009 95 3087 qui
115 3009 302 3085 αονλσσαλος
321 3013 415 3077 scribi
432 3015 557 3100 jubent,
592 3025 626 3082 ut
647 3025 679 3083 et
698 3027 835 3092 ueterum
854 3027 993 3094 nonnulli
1014 3035 1045 3098 ct
1065 3032 1155 3122 iuter

48 3115 172 3176 nostros
193 3109 364 3175 Meinchius
386 3112 424 3177 ad
443 3115 579 3198 Euphor.
600 3135 630 3198 p.
659 3117 706 3184 72.
735 3122 842 3186 nascio
871 3140 911 3187 au
939 3131 1145 3210 compositum

111 3358 158 3426 27)
181 3357 424 3419 mandanarum
440 3363 595 3433 βαλάντιον,
617 3370 691 3436 cujus
709 3369 786 3439 alpha
803 3385 909 3442 anceps,
926 3376 1024 3443 pariter
1035 3379 1068 3434 ad
1078 3381 1142 3448 βάλ-

50 3435 83 3489 λω
100 3440 224 3510 rethmol,
243 3443 313 3512 quod
330 3447 449 3502 vocalem
466 3448 573 3505 breuem
589 3450 678 3508 habet
711 3453 869 3523 hlarsupium
886 3457 966 3515 latine
983 3459 1055 3527 futh
1072 3465 1143 3520 dici.

51 3525 93 3589 tur,
110 3524 182 3594 qnod
201 3523 344 3582 Salmasius
361 3543 484 3596 graccum
501 3529 621 3592 tilam
631 3549 693 3592 esse
704 3541 790 3605 putam
807 3543 834 3593 cl
844 3537 912 3594 loliis
925 3544 1002 3598 ctiam
1013 3551 1144 3613 pecuniae

51 3617 169 3662 summam
187 3608 317 3676 significat
333 3625 410 3678 quam
430 3613 547 3682 Byzantii
563 3615 726 3684 βαλλάντιον
744 3625 839 3676 vocant
856 3626 885 3677 ut
906 3623 1039 3696 hodieque
1062 3633 1090 3685 in
1113 3649 1143 3692 re
1239 3623 1241 3629 ’

53 3694 161 3746 uumaria
185 3692 324 3747 'lurcamm
348 3696 437 3748 Beetel
460 3706 606 3767 usurpatur.
653 3700 728 3756 Errat
754 3705 833 3770 igitur
861 3701 952 3763 Corais
979 3711 1013 3766 ad
1036 3713 1141 3772 Heliod.

53 3770 103 3829 299.
122 3774 174 3830 1οο
193 3773 288 3844 φόλλις
305 3782 331 3832 ct
348 3780 481 3847 antiquum
499 3782 578 3850 φολλ
595 3784 665 3840 idem
683 3799 744 3842 esso
760 3791 863 3855 putans.

110 3865 156 3934 28)
174 3864 305 3939 ’aptatos
327 3868 397 3936 quod
415 3870 569 3928 Wclckerus
593 3874 627 3930 de
648 3874 718 3944 Cycl.
737 3876 812 3946 Epic.
832 3877 890 3936 362.
910 3895 970 3936 cum
992 3885 1142 3956 ἀρύβαλλος

55 3951 175 4017 componit
190 3954 312 4020 tanquam
331 3965 508 4024 synonymum,
525 3971 652 4027 nusquam
668 3960 772 4028 legitur,
789 3975 876 4030 neque
893 3965 1012 4036 intelligo
1029 3984 1081 4038 quo
1094 3987 1140 4028 ar.

54 4037 166 4092 gumerio
185 4034 324 4090 Goellerus
343 4035 377 4091 do
393 4036 481 4106 Syrao.
499 4053 525 4109 p.
543 4041 585 4098 56.
604 4055 699 4098 nomen
716 4043 769 4096 loci
784 4043 920 4113 Syracusis
942 4051 1022 4106 ricini
1038 4053 1138 4126 Εὐρύη-

54 4109 103 4172 λος,
122 4115 191 4183 quod
211 4116 301 4174 Livius
320 4117 458 4188 Euryalum
473 4127 565 4191 vocat,
584 4139 642 4179 curn
661 4117 722 4190 ἧλος
739 4130 910 4196 compositum
926 4137 1008 4200 putot.
