2788 4994
183 278 242 344 uu
263 273 360 341 non.
383 270 487 338 omn
508 267 661 336 nucum
682 269 724 338 m
746 255 784 348 οῖς
804 271 946 337 nuncu.
969 276 999 346 s.
1016 269 1044 336 c.
1108 273 1172 342 aar

13 469 103 517 can.
130 445 199 511 vl.
222 440 293 510 376.
315 444 418 503 tamon
437 451 527 500 nomo
549 434 744 500 asseverabit
764 436 842 501 haec
865 453 904 502 ex
924 434 986 500 illis
1009 443 1171 505 contracta

12 565 121 615 esse.
178 544 227 607 At
247 555 323 604 vero
345 531 447 617 Κύρος
467 541 498 599 et
519 534 737 615 appellativum
765 528 855 618 κύρις
881 535 948 599 sivo
975 531 1073 619 κύςης
1100 555 1169 614 mar

13 651 204 714 nirestam
230 654 306 722 prae
327 653 363 700 se
391 637 492 699 icrunt
519 633 634 715 plebeii
664 633 818 698 sermonis
846 635 1071 720 corruptelam,
1105 655 1167 719 qua

15 755 54 812 et
81 741 241 828 propria
264 737 435 802 adulterata
456 738 537 815 sunt,
553 725 702 810 Ἑλλάδος,
724 729 886 812 Διονύσις,
906 734 1083 815 heutonis,
1109 741 1166 800 Φι-

14 841 184 931 tapam
210 841 241 903 in
262 833 438 917 epigraphis
459 831 643 896 recentioris
664 833 839 913 memoriae,
862 838 893 896 et
915 835 1087 898 communia
1105 851 1165 916 go-

14 946 122 1012 neris
150 937 304 1006 neutrius
323 925 456 1014 ἀσσάρια
469 937 500 995 et
513 924 670 1013 hpmpilro
682 930 713 996 iu
727 932 857 996 nummis
874 948 903 996 v.
915 930 1041 997 Eclrhel.
1054 933 1161 998 Doctr.

19 1047 59 1111 Τ,
86 1044 115 1108 I.
143 1059 183 1122 p.
211 1034 312 1102 XCVL
335 1038 366 1098 et
388 1032 421 1096 T.
441 1030 477 1094 ll.
498 1029 568 1094 234.
587 1030 695 1094 ccxciv
715 1029 939 1111 hieracosopn
960 1046 990 1110 p.
1012 1030 1079 1096 122.
1094 1034 1163 1098 πλε

16 1143 109 1227 &clv
134 1135 253 1204 Malal.
283 1132 347 1197 llll.
372 1130 440 1196 124.
460 1129 493 1194 Β.
513 1123 662 1210 poppaeo
684 1133 715 1192 et
742 1127 879 1210 πικρίδια
907 1127 1024 1209 Goopp.
1044 1129 1108 1195 ΧΠ.
1131 1132 1160 1202 1,

20 1245 54 1310 9.
79 1242 228 1319 aliaque
248 1228 482 1296 innumerabilia
495 1245 574 1309 quaa
595 1229 643 1292 liu
665 1227 799 1307 cmgius
822 1229 1060 1294 exauctoribus
1082 1249 1159 1306 suae

21 1339 200 1406 dictionis
222 1333 340 1416 prolerl
360 1322 467 1409 μάταν,
488 1322 649 1410 κερβόλκν,
672 1320 806 1407 σικάριοι,
827 1320 954 1405 docimo,
977 1323 1158 1415 σφονιύλιν,

22 1435 186 1524 σκηθάρι
211 1439 268 1497 etc.
291 1428 392 1493 omnia
413 1433 501 1490 acuta
523 1444 561 1490 ca
581 1425 701 1506 syllaba
721 1442 801 1506 quae
822 1425 942 1490 acuitur
962 1427 994 1490 in
1013 1445 1091 1492 voce
1107 1429 1159 1494 in-

26 1541 224 1618 corrupta,
245 1527 328 1610 quod
356 1525 561 1591 certissimum
592 1530 641 1588 est
668 1523 889 1588 imminutionis
917 1525 1046 1605 signum.
1087 1527 1158 1592 Non

25 1644 124 1702 recto
148 1633 253 1714 igitur
272 1626 454 1690 Wolekerus
474 1625 506 1687 in
529 1621 644 1702 Syllog.
666 1639 695 1700 p.
718 1621 766 1686 18.
788 1638 879 1701 quum
901 1619 1060 1702 Διονύσις,
1081 1647 1156 1706 μορ.

25 1735 148 1817 adpro,
182 1731 297 1808 hisque
324 1726 448 1807 paria²⁶
474 1721 709 1804 proposuisset,
737 1718 821 1784 addit
848 1721 985 1784 similem
1011 1721 1061 1785 lois
1084 1741 1156 1788 essc

28 1837 191 1917 formam
215 1828 357 1892 doricum
378 1819 472 1896 Νῑκις
493 1837 550 1901 pro
574 1817 694 1892 Νικίας.
738 1817 794 1882 Cui
808 1816 1013 1898 adstipulatus
1032 1820 1155 1885 Schoe-

26 1949 175 1999 mannns
203 1927 243 1992 ad
262 1926 383 1990 lsaeum
405 1938 433 2002 p.
455 1919 525 1984 274.
545 1934 659 1982 nomen
679 1917 796 1998 Κιῆσις
816 1916 877 1980 sibi
898 1918 1063 1997 culparem
1077 1919 1153 1998 for-

31 2049 124 2095 mum
146 2025 254 2092 videri
278 2021 385 2087 scribit
417 2025 450 2084 ut
472 2018 568 2091 Νῖκις
589 2033 646 2098 pro
669 2015 790 2093 Νικίας,
813 2015 918 2089 Σῶσις
939 2032 996 2096 pro
1019 2017 1151 2090 Σωσίας.

30 2132 178 2194 Primum
204 2124 310 2189 dubito
337 2137 408 2184 num
431 2117 635 2182 demonstrari
664 2116 767 2196 possit
788 2115 864 2178 haec
881 2115 1006 2178 nomina
1026 2117 1152 2195 proprie

34 2229 151 2293 dorica
168 2241 255 2290 esse.
296 2219 374 2287 Nam
388 2224 421 2282 ut
432 2215 638 2281 concedamus
651 2215 825 2278 Burmuuno
842 2212 1076 2293 Xenophontem
1089 2230 1152 2278 non

37 2328 174 2400 Σωσίας
199 2316 418 2403 Συρακούσιος
435 2316 604 2397 scripsisse
625 2312 681 2377 sed
703 2313 822 2391 Σῶσις,
855 2309 1010 2393 quomodo
1038 2311 1098 2375 iste
1119 2313 1152 2376 in

36 2428 176 2490 nummis
208 2427 239 2488 ot
266 2438 285 2484 a
311 2417 475 2483 Plutarcho
495 2416 644 2493 Livioquc
672 2411 860 2493 appellatur,
891 2417 992 2472 tamon
1019 2427 1058 2472 err
1089 2410 1150 2474 hoc

38 2531 70 2588 ct
90 2522 253 2590 similibus
274 2517 469 2582 Doriensium
489 2513 664 2578 nominibus
681 2500 772 2593 Ἆγις,
793 2509 903 2590 Δᾶμις,
927 2503 1050 2585 Πόλλις,
1064 2503 1149 2588 Adp-

39 2645 91 2698 πις
120 2625 221 2688 Paus.
243 2620 278 2684 V.
297 2617 328 2699 8,
349 2615 377 2680 3.
409 2615 518 2686 Πίοοις
544 2612 593 2678 bi
616 2611 670 2694 18,
698 2609 727 2674 4.
750 2607 859 2682 Χίονις
880 2607 927 2670 lll.
949 2606 1005 2688 13,
1029 2605 1057 2670 1.
1086 2624 1149 2670 nou

39 2725 184 2804 sequitur
207 2720 286 2784 hanc
308 2711 550 2780 terminationem
571 2711 623 2772 uni
650 2711 733 2789 genti
761 2707 917 2790 propriam
944 2710 997 2769 aut
1024 2706 1149 2784 praeci-

40 2840 133 2902 puam
162 2835 258 2902 quarn
287 2811 495 2894 compluribus
525 2825 714 2872 communem
742 2807 854 2887 luisse,
888 2802 920 2866 id
948 2801 1031 2883 quod
1058 2819 1148 2866 com-

41 2921 180 3000 probant
208 2913 439 3004 Atheniensium
473 2909 597 2972 nomina
624 2907 763 2972 similiter
791 2905 928 2984 figurata.
976 2901 1088 2965 lerum
1115 2902 1148 2966 in

42 3020 102 3083 hoc
122 3020 204 3084 viris
226 3013 326 3080 doctis
348 3027 412 3074 nou
433 3014 595 3088 tantopere
616 3006 774 3087 adversor,
798 3011 987 3084 quantopere
1008 3016 1147 3082 repugno

46 3116 82 3180 dc
104 3118 237 3197 origine,
259 3127 349 3193 qnam
369 3108 414 3172 illi
436 3107 576 3171 omnibus
590 3108 750 3186 assignant
765 3102 901 3185 eaodem,
915 3099 1054 3183 quamvis
1066 3099 1147 3161 mul-

47 3215 167 3295 tiplices
191 3217 317 3298 pateant
338 3207 376 3272 ad
397 3204 593 3271 derivandum
613 3205 691 3269 viae.
732 3202 829 3269 Unam
844 3204 1063 3266 commonstrat
1078 3198 1144 3261 EM.

47 3402 330 3419 ψ

109 3529 157 3597 26)
181 3525 296 3582 Paucula
320 3523 417 3591 adjecit
442 3519 585 3576 Franclrius
606 3519 639 3572 ad
658 3522 739 3576 lusor.
757 3518 871 3572 Richter.
888 3533 914 3585 p.
934 3515 991 3572 195.
1010 3514 1075 3567 nihil
1093 3511 1145 3564 ad-

51 3610 152 3666 modum
180 3599 306 3666 Franztos
336 3611 361 3662 in
391 3605 476 3660 lllenr.
505 3603 595 3672 Epigr.
626 3605 685 3662 248.
706 3609 733 3659 et
758 3602 859 3656 llcilius
883 3599 1000 3653 onomat.
1026 3597 1069 3652 80.
1100 3596 1146 3662 qui

51 3695 133 3748 omnia
150 3696 196 3749 illa
217 3696 341 3749 iterarunt
361 3691 436 3758 quasi
453 3688 552 3741 indicta
568 3689 718 3754 ignotaque.
754 3683 842 3753 Σάριν
854 3680 927 3738 εἶδος
939 3681 1036 3750 ὄρνεον
1048 3675 1147 3745 ὅμοιον

53 3774 130 3844 pipp
149 3777 263 3843 llesych.
284 3776 349 3830 nihil
366 3773 436 3828 aliud
454 3771 555 3826 videtur
577 3784 654 3838 quam
680 3771 776 3839 σαρίον
801 3767 845 3822 vel
863 3766 973 3833 ψορίον.
1008 3761 1038 3815 ln
1056 3757 1144 3813 Schol.

53 3855 79 3908 ll·
96 3858 159 3915 xxi.
178 3863 237 3918 351.
256 3859 344 3929 θρύον
367 3855 422 3909 πόα
441 3855 456 3908 ὃ
474 3853 621 3924 λεγόμενος
638 3851 748 3920 doricas,
776 3846 949 3920 multicolores
967 3859 1001 3901 ex
1020 3841 1077 3896 Eli.
1098 3855 1146 3896 re-

55 3941 121 3995 stitui
144 3943 225 4000 debet
249 3939 411 4012 antiquiore
436 3954 469 3996 ex
493 3938 538 3992 illo
564 3940 730 3990 contractum.
768 3931 854 4000 ὀλειρ
877 3929 946 3986 ἕλκος
971 3926 1025 3996 μῦς
1042 3925 1104 3981 llas.
1123 3926 1146 3979 si

56 4035 140 4078 sanum
157 4033 206 4095 ast,
224 4042 271 4097 pro
291 4025 345 4083 itte
361 4024 388 4079 id
406 4027 448 4080 est
465 4021 537 4082 ὄλιός
549 4021 686 4090 accipiam,
700 4015 769 4087 quod
784 4014 880 4073 eodem
893 4011 970 4066 ruodo
986 4013 1146 4077 intorpreta-

58 4109 93 4158 tor
110 4111 219 4168 sciorum
237 4111 280 4168 tel
297 4110 399 4179 glirem.
