2770 4992
261 245 314 311 DE
337 247 430 312 MUT.
454 241 610 312 Tantum
634 249 784 314 CAUSlS.
823 247 855 316 C.
870 251 918 316 ili.
948 260 978 328 ς.
993 255 1022 319 5.
1167 255 1205 327 rt

85 415 220 496 Laurea,
243 407 278 476 nt
298 413 516 492 Dalecampins
537 419 662 491 censet,
691 411 847 492 designari
866 405 996 501 uidetur,
1018 420 1075 483 sod
1096 421 1203 499 primi«

83 515 183 576 tivum
213 514 336 576 Laurus
364 509 575 576 sibilabit.
599 511 667 576 175.
696 509 815 577 Gruter.
843 515 939 579 lnscr.
968 533 997 598 p.
1022 517 1093 583 878.
1121 517 1200 587 a&

85 612 197 692 Neque
217 612 323 675 solum
342 625 445 674 rerum
467 610 651 674 naturalium
670 609 835 676 simulacra
855 613 906 677 bio
925 611 1131 680 obversantur
1139 615 1201 680 ¹aad

5 751 6 776 ι
83 714 229 793 cujusvis
251 710 392 792 generis:
427 710 558 792 Arvina,
582 709 712 792 mnino,
736 709 878 796 Porcina,
900 713 1080 797 Columella,
1101 715 1200 778 Dola„

83 811 179 894 bolla,
193 809 381 891 Fenestella,
396 809 502 889 Costa,
515 808 661 890 Flamina,
677 807 784 892 Gibba,
800 809 901 894 Gutta,
919 811 1199 895 brocmailum,

81 909 245 991 Merenda,
267 909 379 990 Pansa,
401 907 495 988 llere,
516 907 611 990 Ruga,
629 908 773 989 Scapula,
790 910 938 993 Spongia,
953 911 1077 996 Schola,
1092 911 1198 996 Stella,

5 1051 6 1056 ι
83 1009 195 1091 Stola,
218 1009 359 1089 Trabea,
388 1007 538 1069 Τιιοοο.29
578 1007 694 1070 llornm
716 1007 853 1072 sonasse
875 1009 970 1090 aliqui
998 1012 1047 1074 uel
1069 1013 1197 1076 arbitria

81 1109 264 1188 parantium
284 1107 334 1168 vel
354 1106 477 1168 lacellis
492 1105 694 1185 popularibus
715 1106 857 1168 taminiae
873 1115 949 1171 snut
961 1109 1119 1192 appellati,
1141 1109 1198 1174 set

82 1208 194 1270 omnia
220 1205 275 1268 illa
303 1221 343 1268 ex
371 1205 432 1267 boc
454 1205 539 1267 fonto
559 1219 706 1268 manasse
724 1218 834 1284 parum
855 1207 920 1268 veri
942 1208 1041 1272 simila
1062 1209 1197 1290 nimique

82 1323 204 1370 causae
226 1311 277 1368 est
303 1304 377 1384 quin
398 1303 437 1366 ab
459 1301 567 1366 eodem
590 1319 700 1384 myron
722 1301 785 1367 duo
806 1309 978 1368 statuamus
999 1309 1197 1387 procrevisse

5 1469 6 1482 ,
80 1405 223 1488 nomina,
246 1403 422 1472 femininum
442 1419 600 1466 mornaco
621 1409 653 1465 ct
674 1401 874 1466 mascnlinum
895 1403 1071 1484 Muraena,
1085 1389 1087 1394 ¹
1103 1404 1197 1488 idque

5 1495 6 1566 ζ
80 1522 147 1568 noa
169 1502 332 1566 intellectu
353 1499 446 1564 modo
468 1501 670 1564 mascnlinum
692 1516 773 1582 osse,
801 1506 835 1562 nl
860 1497 1052 1584 Φιλημάτιον
1074 1507 1197 1570 lemini-

81 1621 174 1686 nnm,
201 1601 260 1702 sed
289 1603 382 1664 etiarn
409 1616 496 1664 noca
538 1601 573 1664 Si
602 1606 703 1684 tamen
729 1599 781 1662 illc
806 1616 826 1662 a
852 1601 938 1682 pisca
959 1604 1195 1682 cognominatus

81 1709 149 1784 cst,
179 1719 219 1764 ea
246 1717 310 1763 uon
338 1699 556 1762 antonomasia
583 1698 644 1761 dici
672 1697 764 1786 debet
785 1705 818 1762 nt
839 1699 931 1780 lupus
955 1702 1075 1784 Lupus,
1103 1701 1196 1778 ἵππος

72 1799 203 1879 Ἵππος,
233 1798 290 1863 sed
317 1795 471 1878 quoddam
495 1797 655 1877 singulare
682 1799 884 1878 paronymiaa
905 1815 1022 1884 genus,
1052 1803 1135 1882 quod
1162 1806 1194 1866 ia

5 1977 6 1980 Ἴ
79 1920 145 1966 nna
167 1900 292 1980 generis
317 1897 489 1960 mutatione
510 1896 657 1958 consistit
680 1895 737 1959 sod
758 1897 886 1962 eandem
908 1900 968 1961 vim
989 1900 1083 1963 babet
1103 1918 1194 1982 quam

5 2087 7 2226 l

82 2004 204 2066 lormue
226 1997 368 2077 variatio,
390 2001 422 2058 nt
443 1995 475 2056 in
495 2009 609 2072 graeco
631 2009 776 2058 sermone
788 1991 907 2075 Ἵππος,
921 1992 1048 2076 Ἵππος,
1064 1995 1193 2080 Ἵππον,

83 2100 250 2180 auctisque
268 2095 399 2176 syllabis
415 2086 543 2171 Ἱππίας,
556 2088 716 2171 Ἵππασος,
730 2088 904 2174 Ἵππυλλος,
926 2097 958 2158 in
971 2096 1067 2160 latino
1086 2099 1194 2162 asiana

5 2233 6 2252 ι
80 2201 223 2280 Asinius,
245 2195 363 2259 asellus
384 2191 513 2275 Asellio,
534 2209 632 2272 caepe
650 2191 774 2276 Caepio,
797 2194 899 2274 aquila
920 2195 1072 2284 Aquilius,
1094 2197 1195 2278 caliga

83 2297 235 2379 Caligula,
257 2295 335 2358 libra
355 2293 496 2374 Fimbria,
519 2298 550 2355 el
571 2307 666 2371 saepe
690 2294 899 2374 transgressio
924 2295 962 2358 ab
985 2293 1140 2374 adjectivo
1162 2297 1194 2360 in

5 2379 6 2406 ¹
83 2396 314 2462 substantivum
337 2393 442 2456 calvus
466 2390 601 2455 Calvena
622 2391 670 2472 (nt
691 2391 768 2455 levis
789 2375 1063 2473 lovennal'laovns
1080 2394 1194 2458 Lacri—
1258 2460 1263 2472 ,

5 2539 6 2544 1
82 2514 142 2561 nus
165 2494 359 2575 (Crassinus,
379 2475 505 2554 liubans
520 2491 592 2571 etc.)
614 2507 637 2553 ο
658 2493 747 2553 racis
770 2491 872 2554 ocutis
894 2493 970 2555 dicti
991 2493 1137 2558 Bouillae
1157 2499 1194 2558 at

85 2613 106 2660 o
128 2595 248 2664 caesos
271 2589 441 2654 Cocondae
462 2589 544 2676 lost.
566 2605 585 2651 a
605 2605 694 2652 rarus
714 2589 810 2653 rallus
832 2591 881 2672 (nt
893 2607 987 2654 varus
1002 2591 1116 2674 vallus)
1131 2609 1193 2655 no-

83 2695 164 2756 mino
187 2691 376 2770 syllabarum
397 2704 460 2751 non
481 2693 574 2751 aucto
594 2687 682 2750 Ralla
702 2686 791 2768 (sura
804 2688 914 2772 Sulla),
936 2689 975 2754 ab
998 2689 1067 2753 aliis
1083 2690 1193 2774 Casca,

86 2792 194 2874 Galba,
218 2788 332 2870 Helva,
355 2788 491 2862 Scaena3
520 2787 559 2849 ab
583 2785 728 2876 absoluto
750 2787 782 2850 in
803 2787 1008 2852 modificatum
1030 2789 1193 2873 Scaevola,

83 2887 257 2969 llammnla,
278 2886 421 2970 Barbula,
443 2885 588 2973 Vaccula,
610 2885 754 2966 Capella,
782 2892 835 2948 ant
852 2885 891 2949 ab
910 2903 970 2949 una
986 2887 1193 2952 declinatione

83 2992 115 3053 in
135 2989 275 3068 alteram,
297 3001 410 3049 nervus
431 2984 543 3067 Nerva,
566 2985 675 3047 cinnas
698 2971 804 3066 Cinna,
825 2991 972 3065 retroque
993 3003 1090 3049 vacca
1109 2987 1193 3050 Vac-

85 3106 149 3172 cus,
167 3102 271 3167 penna
285 3084 418 3167 Pennus,
440 3100 549 3148 saxum
563 3084 646 3147 Sana
658 3085 790 3165 Appian.
813 3086 881 3164 Syr.
904 3101 930 3148 c.
943 3083 1033 3148 51.³0
1049 3085 1193 3150 simililer

83 3245 381 3259 —-—-——

83 3343 221 3398 Cornelius
235 3342 326 3396 l’alma
341 3355 365 3393 v.-
384 3339 486 3394 Fabric.
507 3341 540 3394 ad
560 3341 633 3394 ilion.
653 3337 729 3394 Cass.
748 3337 859 3393 Lllvlll.
879 3339 920 3394 ll.
939 3354 965 3407 p.
986 3339 1059 3394 1131.
1083 3347 1127 3394 aot
1144 3341 1189 3394 iu-‘

84 3431 118 3495 git
133 3427 247 3481 Plinium
265 3429 310 3478 ant
328 3423 359 3477 ab
376 3424 532 3492 boruonymo
550 3425 636 3493 palma
656 3421 795 3490 (παλάμῃ)
816 3435 911 3476 nomen
928 3421 1016 3476 babet.

147 3509 194 3577 29)
219 3508 333 3563 Vacerra
357 3507 465 3561 Martini.
495 3507 539 3561 Xl.
558 3509 599 3563 78.
625 3521 720 3562 nomam
740 3509 788 3560 viri
808 3506 932 3560 ficticium
959 3504 1062 3560 videtur
1081 3508 1189 3560 assimi-

84 3596 160 3648 latum
178 3592 341 3647 substantivo
358 3605 480 3658 racemo,
508 3591 580 3659 quod
598 3596 625 3646 at
643 3591 677 3646 de
695 3590 801 3645 bomine
816 3601 957 3644 cavernoso
978 3587 1073 3642 dicitnr
1089 3603 1189 3654 genere

84 3693 132 3733 non
152 3683 250 3731 mutato
272 3681 301 3728 ut
317 3674 413 3728 matula
433 3675 466 3730 dc
490 3675 594 3742 barido,
607 3689 703 3743 cappa
727 3674 761 3730 de
785 3687 871 3739 uano;
894 3674 990 3724 stanna
1014 3671 1048 3740 τῇ
1069 3670 1190 3731 ἀλώπεκι

85 3763 109 3816 id
127 3768 166 3818 est
182 3759 282 3816 llarodi
299 3759 398 3826 Enang.
416 3759 504 3814 Lucae
520 3759 590 3813 Xlll.
605 3759 647 3814 32.

143 3846 190 3914 30)
215 3844 239 3898 A
256 3845 349 3910 laena,
373 3845 395 3898 si
412 3844 520 3899 Varroni
538 3841 683 3910 credimus,
702 3840 822 3906 luanus,
846 3852 924 3905 quern
945 3836 1081 3906 Appianas
1105 3852 1187 3905 saepo

84 3933 180 3983 Λαίναν
197 3935 285 3997 vocat,
303 3928 354 3982 llio
374 3925 448 3980 Cass.
467 3925 581 3984 Λαινοῖα,
600 3926 648 3980 sed
662 3926 835 3993 Asprenatem
849 3921 923 3978 idem
938 3917 1098 3987 Ἀσπρήναν.
1130 3919 1187 3974 Vo-

85 4031 133 4069 rum
160 4016 213 4069 boc
239 4013 320 4067 multo
347 4009 453 4065 uberius
479 4009 621 4064 edisseruit
642 4008 825 4064 Wauowslins
848 4007 876 4058 in
899 4005 1009 4058 llissert.
1034 4003 1066 4054 de
1088 4004 1188 4054 αιιλοιια

84 4117 127 4168 οπο
145 4099 241 4152 (λοιπαί
261 4097 365 4150 acation
382 4098 554 4147 Bactranorum
573 4094 737 4160 meermanni.
