2772 4992
16 285 82 349 DE
103 283 218 348 ΝΟΜ.
239 277 404 358 QUORUM
419 279 532 346 cittii.
547 279 623 345 EST
636 279 843 344 nnnntns,
866 280 899 344 C.
914 283 963 346 lV.
984 290 1014 357 §.
1029 284 1056 348 7.
1085 283 1150 350 381

16 450 70 514 ad
107 449 233 512 Athen.
261 448 294 511 L.
317 448 339 511 1.
360 465 389 528 p.
411 446 460 510 31.
481 446 516 510 Ε.
543 451 574 509 ιι
602 444 732 525 plurima
762 463 781 508 a
815 431 1017 510 substantivis
1046 452 1157 529 partim

17 549 159 614 eodem
199 563 261 628 quo
291 547 443 626 primitiva
477 546 636 610 intellectu
661 539 783 623 πυρούς
806 547 969 627 πυροίτης,
997 543 1158 629 μάργαροο

20 649 242 731 μαργαρίτης
262 648 417 726 alliceque
438 649 625 726 μαργαρῖτις,
649 647 681 706 Γ
677 640 773 725 άγγας
784 639 922 725 ποταμὸς
943 643 981 708 ὃν
1000 644 1052 710 καί
1071 651 1103 712 Γ
1098 671 1157 729 αγ-

21 751 134 830 γίτην
157 742 242 820 τινὲς
269 746 401 808 καλοῦσι
426 745 556 825 Appian.
585 741 670 806 Civil.
692 743 739 807 lv,
768 742 835 807 106.
862 745 971 823 partim
1003 751 1070 826 ejus
1099 764 1159 827 gn·

24 847 131 910 neris
167 843 253 924 quoti
282 843 540 907 denominativum
571 841 674 905 dicere
700 842 828 905 institui.
878 842 946 918 Quo
979 845 1011 908 in
1045 862 1158 923 genero

30 949 190 1010 eminent
212 944 315 1023 topica
332 935 526 1023 Ἀδρανίτης,
550 940 691 1023 Σιρίτης,
716 943 869 1021 Πωλίτης,
892 934 1031 1026 ἀοτίτης.
1053 941 1159 1010 'stura-

29 1046 134 1125 νίτης
159 1049 220 1106 etc.
242 1040 467 1104 assimililativa
487 1043 576 1114 λίθος
598 1039 747 1122 ίεραιιίτης
770 1046 800 1103 el
821 1041 991 1124 βοτρυΐτης,
1008 1041 1160 1126 fontinal-

33 1147 97 1216 λος
121 1141 282 1223 μυριίτης,
303 1138 474 1202 materialia
494 1139 645 1221 καρφίτης
663 1139 820 1220 θάλαμος,
835 1132 1016 1223 Ἀσκληπιὸς
1035 1137 1160 1228 ίγνίτης

36 1240 94 1306 ὅτι
118 1237 225 1323 ἄγνου
244 1229 286 1322 ἦν
304 1233 341 1301 τὸ
370 1232 485 1314 ξόανον
514 1238 606 1305 Paus.
654 1237 814 1319 Perpauoa
841 1256 860 1302 a
886 1244 1030 1320 personis
1057 1237 1160 1306 Abso-

38 1343 136 1423 νίτης
161 1339 268 1421 Steph.
291 1338 456 1417 Γραικίτης
482 1332 595 1411 πέπλος
614 1338 766 1417 Lyoophr.
786 1333 945 1425 τραγῳδὸς
973 1342 1161 1426 Καρκινίτης

39 1441 132 1504 iilius
156 1437 280 1502 Carcini
300 1437 396 1502 Arist.
416 1437 509 1518 visp.
531 1436 580 1501 54.
625 1437 703 1500 Sunt
723 1452 797 1499 vero
821 1439 912 1501 etiarn
937 1443 1064 1522 propria
1087 1445 1162 1522 Θερ-

42 1543 155 1620 σίτης,
184 1531 309 1618 Ὀπίτης
335 1543 366 1599 et
392 1535 578 1617 Δηιοπίτης,
608 1536 782 1617 Μαργίτης.
831 1537 879 1601 ΑΙ)
908 1539 1023 1617 ignotis
1051 1543 1161 1620 elymis

45 1632 216 1719 ἀμανῖτης,
239 1636 388 1708 Καινίτας
408 1628 563 1715 ἀδελφοὺς
580 1631 634 1697 καί
656 1629 790 1717 ἀδελφάς
810 1636 882 1700 Hes.
924 1638 969 1701 De
997 1639 1058 1702 hoo
1086 1641 1161 1706 nihil

48 1736 207 1801 constitui
230 1741 353 1817 potest3
375 1741 480 1798 cetera
499 1735 566 1796 iota
586 1734 710 1814 longum
730 1734 844 1798 babent
864 1734 904 1799 ad
934 1753 1025 1800 unum
1048 1741 1158 1802 omnia.

50 1835 160 1912 Quare
193 1841 373 1916 suspectum
406 1833 506 1897 babeo
532 1833 623 1896 Antb.
651 1833 700 1896 vl.
725 1832 793 1897 182.
822 1834 874 1896 ubi
900 1833 965 1897 Pan
997 1836 1161 1900 invocatur

52 1935 158 2015 ίὸρίτα
185 1931 239 1998 καί
265 1933 355 2015 γαίης
382 1931 480 2010 ίδρίτα
499 1929 552 1996 καί
573 1924 734 2011 πελάγεος,
762 1930 854 2012 idque
884 1931 995 1996 Snitlas
1022 1951 1047 1996 S.
1067 1929 1162 2015 ’Ἱδρις

53 2035 145 2098 anert
174 2039 317 2113 tanquam
344 2048 556 2114 synonyma,
584 2031 617 2093 in
646 2029 731 2093 Plan.
760 2036 861 2092 autern
883 2026 992 2109 ἰδρυτά
1013 2035 1161 2112 scriptum

55 2140 114 2214 est,
136 2139 279 2194 neutrum
300 2133 378 2196 satis
401 2139 504 2212 aptum
527 2131 709 2211 sententiae,
729 2145 807 2209 quae
830 2123 944 2210 ἀγρότα
965 2148 1097 2211 poscere
1110 2134 1161 2194 vi·-

56 2231 148 2295 detur
169 2229 201 2292 id
223 2226 417 2313 θείθηρευτοί
430 2237 463 2292 ul
481 2225 553 2292 Πίν
566 2223 682 2310 ἆγρότα
696 2229 780 2292 Plan.
794 2247 823 2292 n.
839 2229 907 2294 231.
922 2222 1037 2312 Ἀίίτης
1053 2230 1162 2294 Gram-

55 2329 180 2409 matici‚
208 2329 260 2408 qui
287 2345 355 2392 cum
381 2325 448 2412 λιτή
474 2330 680 2409 compositum
708 2328 845 2410 tradunt,
881 2328 1009 2392 mediam
1036 2330 1161 2393 brevem

57 2428 175 2491 babere
197 2433 343 2508 putarunt
361 2429 574 2508 gravissimum
597 2429 679 2490 nacti
706 2428 938 2508 suffragatorem
959 2429 1164 2493 Hermannum

58 2527 98 2592 ad
122 2526 196 2592 bed.
221 2527 253 2591 C.
274 2527 343 2592 371.
365 2531 417 2608 qui
439 2528 477 2590 ab
499 2521 607 2590 ἀλείτω
628 2520 746 2609 ἀλείτης
765 2530 876 2592 sactum
895 2536 989 2608 putat,
1003 2529 1073 2590 birro
1088 2545 1163 2589 cor-

59 2635 151 2708 repta
172 2626 361 2707 diphthongo
383 2619 487 2708 ίλίτης
508 2625 599 2707 idque
621 2629 756 2690 restituit
770 2627 841 2691 Eur.
855 2627 974 2692 Horati.
996 2627 1064 2692 614.
1085 2628 1163 2707 (μοῖ-

60 2730 115 2809 ρα)
135 2721 193 2789 τὸν
219 2721 274 2808 μὲν
295 2718 353 2806 ἀφ’
375 2720 506 2808 ὑψηλῶν
527 2720 646 2808 βραχὺν
666 2721 758 2812 η’ίκιοε
777 2722 833 2790 τὸν
853 2720 885 2790 δ’
918 2721 1036 2808 til-titan
1056 2719 1164 2790 εὐδαί-

61 2847 144 2908 μονα
164 2819 266 2906 τεύχει.
288 2825 356 2888 Ηοο
377 2825 448 2888 loco
470 2827 578 2891 nescio
593 2843 633 2889 an
654 2820 761 2890 ἀτίται
774 2827 869 2890 scribi
891 2826 991 2907 possit
1005 2826 1164 2890 intellectu

63 2926 207 3008 passiv03
227 2916 331 3006 ἀλίτης
351 2924 457 2989 dubito
479 2942 542 2988 οοο
564 2925 664 2989 solum
693 2943 734 2989 arr
754 2927 882 3006 reperiri
904 2941 966 2988 non
988 2927 1090 3006 possit
1110 2925 1166 2990 ssd

65 3026 156 3088 etiam
172 3013 216 3084 an'
233 3022 269 3086 ad
291 3023 463 3103 analogiam
484 3026 583 3088 minus
606 3027 786 3106 conveniat3
807 3041 947 3104 quaeque
968 3025 1165 3088 Ruhnkenius

68 3124 153 3188 allert
174 3139 230 3203 pro
251 3122 412 3205 brevitate,
432 3116 616 3207 vilissimos
637 3131 667 3188 et
686 3119 909 3207 νηλιτίποινος,
932 3141 995 3187 non
1016 3125 1086 3205 plus
1106 3141 1165 3188 va-

68 3225 131 3288 lere
152 3222 283 3286 arbitror
305 3239 395 3306 quarn
414 3215 536 3302 ἆίιτεῐν,
558 3217 731 3304 ἀλιταίνειν,
753 3217 940 3306 ἀλιτήμενος.
982 3223 1082 3286 Piscis
1104 3239 1166 3285 no-

69 3338 137 3386 men
157 3321 286 3403 βοίβίτις
305 3321 375 3385 Atb.
395 3320 465 3388 318.
486 3322 522 3386 n.
544 3323 715 3388 acuendum
735 3323 855 3388 videtur
877 3341 894 3386 a
915 3318 1060 3405 βόλβιτου
1082 3319 1166 3384 deri-

70 3427 170 3485 vatum
189 3436 252 3484 non
273 3437 292 3484 a
312 3420 461 3502 βολβίτης,
484 3425 572 3502 cujus
595 3423 769 3487 femininum
792 3431 841 3487 est
860 3424 1001 3505 βοίβῖτις.

153 3527 180 3594 ς.
200 3521 228 3583 7.
277 3513 323 3582 Τίι
342 3518 385 3594 είς
397 3504 477 3594 ᾗ
496 3514 574 3603 ὑπὲρ
595 3517 654 3586 δύο
669 3518 822 3604 συλλαβὰς
835 3515 1093 3603 προπαροξύιουα
1106 3513 1166 3582 δύο

74 3615 148 3697 ἐστί,
168 3619 280 3700 βίοτος,
303 3613 428 3698 ίιροτος·
452 3612 586 3696 ὀξύτονα
607 3615 640 3684 δὲ
658 3617 792 3704 τέσσαρα
811 3618 929 3704 βιοτός,
952 3613 1073 3701 ὀμοτός,
1096 3611 1167 3680 ὀνο-

76 3713 133 3796 τός,
159 3713 285 3800 μολοτός
306 3719 441 3800 Theogn.
466 3719 515 3784 75.
538 3720 594 3784 llic
616 3729 667 3784 aut
697 3717 819 3796 νεοττός
840 3723 966 3801 scripsit
986 3734 1042 3801 pro
1064 3711 1169 3798 βιοτός

78 3824 128 3881 aut
146 3816 291 3881 mendosa
311 3817 460 3900 deceptus
482 3827 529 3884 est
551 3821 706 3900 scriptura
727 3827 778 3883 aut
797 3820 951 3902 librarius,
970 3835 1061 3900 quum
1075 3816 1168 3880 vellet

80 3910 181 3995 ἀροτός
201 3917 347 4000 scribere,
367 3918 406 3982 ad
426 3920 559 3982 vicinum
577 3915 681 4002 βιοτός
702 3919 863 3983 aberravit.
906 3917 1058 3982 Aroadius
1078 3910 1117 3978 τὰ
1127 3914 1169 3988 εἰς

79 4003 146 4090 ἧος
163 4008 293 4092 ὀξύτονα
320 4013 437 4080 σπάνια
457 4011 582 4100 ὀγοτός,
607 4012 752 4099 μολοτός·
779 4011 816 4080 τὸ
847 4012 950 4099 μέντοι
982 4012 1093 4097 ίίροτος
1118 4011 1170 4078 καί

82 4118 172 4199 βίαις
190 4113 461 4200 προπαροξύτονα,
483 4119 534 4198 qui
562 4134 653 4199 quum
673 4117 711 4182 de
740 4116 908 4196 trisyllabis
931 4124 1001 4198 agat
1020 4116 1084 4180 beri
1106 4131 1169 4178 non
